{
  "C-1016152P-GiftBoxg" : {
    "brand" : "Maltesers",
    "category" : "Pantry",
    "id" : "C-1016152P-GiftBoxg",
    "is_valid" : true,
    "key" : "13-12-2017/lists/all/C-1016152P-GiftBoxg",
    "key_in_category_list" : "13-12-2017/lists/pantry/C-1016152P-GiftBoxg",
    "likes" : 0,
    "name" : "Gift Box 360g",
    "package_price" : "$1.39 per 100G",
    "package_size" : "360g",
    "price" : 5.0,
    "source" : "Coles",
    "source_short" : "C",
    "stock_code" : "1016152P",
    "thumbnail_url" : "https://shop.coles.com.au//wcsstore/Coles-CAS/images/1/0/1/1016152.jpg",
    "was_price" : 11.0
  },
  "C-1016505P-LindorLimitedEditionAssortedGiftBox" : {
    "brand" : "Lindt",
    "category" : "Christmas",
    "id" : "C-1016505P-LindorLimitedEditionAssortedGiftBox",
    "is_valid" : true,
    "key" : "13-12-2017/lists/all/C-1016505P-LindorLimitedEditionAssortedGiftBox",
    "key_in_category_list" : "13-12-2017/lists/christmas/C-1016505P-LindorLimitedEditionAssortedGiftBox",
    "likes" : 0,
    "name" : "Lindor Limited Edition Assorted Gift Box",
    "package_price" : "$4.13 per 100G",
    "package_size" : "230g",
    "price" : 9.5,
    "source" : "Coles",
    "source_short" : "C",
    "stock_code" : "1016505P",
    "thumbnail_url" : "https://shop.coles.com.au//wcsstore/Coles-CAS/images/1/0/1/1016505.jpg",
    "was_price" : 20.9
  },
  "C-1028209P-SauvignonBlanc" : {
    "brand" : "Rapaura Springs",
    "category" : "Liquor",
    "id" : "C-1028209P-SauvignonBlanc",
    "is_valid" : true,
    "key" : "13-12-2017/lists/all/C-1028209P-SauvignonBlanc",
    "key_in_category_list" : "13-12-2017/lists/alcohol/C-1028209P-SauvignonBlanc",
    "likes" : 1,
    "name" : "Sauvignon Blanc",
    "package_price" : "$1.20 per 100mL",
    "package_size" : "750mL",
    "price" : 9.0,
    "source" : "Coles",
    "source_short" : "C",
    "stock_code" : "1028209P",
    "thumbnail_url" : "https://shop.coles.com.au//wcsstore/Coles-CAS/images/1/0/2/1028209.jpg",
    "was_price" : 19.26
  },
  "C-1052644P-VIPBodySprayForMen" : {
    "brand" : "Playboy",
    "category" : "Health & Beauty",
    "id" : "C-1052644P-VIPBodySprayForMen",
    "is_valid" : true,
    "key" : "13-12-2017/lists/all/C-1052644P-VIPBodySprayForMen",
    "key_in_category_list" : "13-12-2017/lists/beauty/C-1052644P-VIPBodySprayForMen",
    "likes" : 0,
    "name" : "VIP Body Spray For Men",
    "package_price" : "$1.93 per 100mL",
    "package_size" : "150mL",
    "price" : 2.9,
    "source" : "Coles",
    "source_short" : "C",
    "stock_code" : "1052644P",
    "thumbnail_url" : "https://shop.coles.com.au//wcsstore/Coles-CAS/images/1/0/5/1052644.jpg",
    "was_price" : 6.38
  },
  "C-1078386P-SheerReliefPantyhoseBlackXTall" : {
    "brand" : "Kolotex",
    "category" : "Clothing",
    "id" : "C-1078386P-SheerReliefPantyhoseBlackXTall",
    "is_valid" : true,
    "key" : "13-12-2017/lists/all/C-1078386P-SheerReliefPantyhoseBlackXTall",
    "key_in_category_list" : "13-12-2017/lists/household/C-1078386P-SheerReliefPantyhoseBlackXTall",
    "likes" : 0,
    "name" : "Sheer Relief Pantyhose Black X Tall",
    "package_price" : "$4.00 per 1ea",
    "package_size" : "1 pack",
    "price" : 4.0,
    "source" : "Coles",
    "source_short" : "C",
    "stock_code" : "1078386P",
    "thumbnail_url" : "https://shop.coles.com.au//wcsstore/Coles-CAS/images/1/0/7/1078386.jpg",
    "was_price" : 8.8
  },
  "C-1140082P-SheerReliefPantyhoseBlackAverage" : {
    "brand" : "Kolotex",
    "category" : "Clothing",
    "id" : "C-1140082P-SheerReliefPantyhoseBlackAverage",
    "is_valid" : true,
    "key" : "13-12-2017/lists/all/C-1140082P-SheerReliefPantyhoseBlackAverage",
    "key_in_category_list" : "13-12-2017/lists/household/C-1140082P-SheerReliefPantyhoseBlackAverage",
    "likes" : 0,
    "name" : "Sheer Relief Pantyhose Black Average",
    "package_price" : "$4.00 per 1ea",
    "package_size" : "1 pack",
    "price" : 4.0,
    "source" : "Coles",
    "source_short" : "C",
    "stock_code" : "1140082P",
    "thumbnail_url" : "https://shop.coles.com.au//wcsstore/Coles-CAS/images/1/1/4/1140082.jpg",
    "was_price" : 8.8
  },
  "C-1140093P-SheerReliefPantyhoseBlackTalls" : {
    "brand" : "Kolotex",
    "category" : "Clothing",
    "id" : "C-1140093P-SheerReliefPantyhoseBlackTalls",
    "is_valid" : true,
    "key" : "13-12-2017/lists/all/C-1140093P-SheerReliefPantyhoseBlackTalls",
    "key_in_category_list" : "13-12-2017/lists/household/C-1140093P-SheerReliefPantyhoseBlackTalls",
    "likes" : 0,
    "name" : "Sheer Relief Pantyhose Black Talls",
    "package_price" : "$4.00 per 1ea",
    "package_size" : "1 pack",
    "price" : 4.0,
    "source" : "Coles",
    "source_short" : "C",
    "stock_code" : "1140093P",
    "thumbnail_url" : "https://shop.coles.com.au//wcsstore/Coles-CAS/images/1/1/4/1140093.jpg",
    "was_price" : 8.8
  },
  "C-118565P-LegHam" : {
    "brand" : "Plumrose",
    "category" : "Pantry",
    "id" : "C-118565P-LegHam",
    "is_valid" : true,
    "key" : "13-12-2017/lists/all/C-118565P-LegHam",
    "key_in_category_list" : "13-12-2017/lists/pantry/C-118565P-LegHam",
    "likes" : 1,
    "name" : "Leg Ham",
    "package_price" : "$9.82 per 1Kg",
    "package_size" : "450g",
    "price" : 4.42,
    "source" : "Coles",
    "source_short" : "C",
    "stock_code" : "118565P",
    "thumbnail_url" : "https://shop.coles.com.au//wcsstore/Coles-CAS/images/1/1/8/118565.jpg",
    "was_price" : 9.74
  },
  "C-1257068P-MensAntiDandruffShampoo" : {
    "brand" : "Dove",
    "category" : "Health & Beauty",
    "id" : "C-1257068P-MensAntiDandruffShampoo",
    "is_valid" : true,
    "key" : "13-12-2017/lists/all/C-1257068P-MensAntiDandruffShampoo",
    "key_in_category_list" : "13-12-2017/lists/beauty/C-1257068P-MensAntiDandruffShampoo",
    "likes" : 0,
    "name" : "Mens Anti Dandruff Shampoo",
    "package_price" : "$1.08 per 100mL",
    "package_size" : "300mL",
    "price" : 3.24,
    "source" : "Coles",
    "source_short" : "C",
    "stock_code" : "1257068P",
    "thumbnail_url" : "https://shop.coles.com.au//wcsstore/Coles-CAS/images/1/2/5/1257068.jpg",
    "was_price" : 7.14
  },
  "C-1257126P-MenHairShampooFreshCleanin" : {
    "brand" : "Dove",
    "category" : "Health & Beauty",
    "id" : "C-1257126P-MenHairShampooFreshCleanin",
    "is_valid" : true,
    "key" : "13-12-2017/lists/all/C-1257126P-MenHairShampooFreshCleanin",
    "key_in_category_list" : "13-12-2017/lists/beauty/C-1257126P-MenHairShampooFreshCleanin",
    "likes" : 0,
    "name" : "Men Hair Shampoo Fresh Clean 2 in 1",
    "package_price" : "$1.08 per 100mL",
    "package_size" : "300mL",
    "price" : 3.24,
    "source" : "Coles",
    "source_short" : "C",
    "stock_code" : "1257126P",
    "thumbnail_url" : "https://shop.coles.com.au//wcsstore/Coles-CAS/images/1/2/5/1257126.jpg",
    "was_price" : 7.14
  },
  "C-1257159P-MensinDailyDeepCleanShampoo" : {
    "brand" : "Dove",
    "category" : "Health & Beauty",
    "id" : "C-1257159P-MensinDailyDeepCleanShampoo",
    "is_valid" : true,
    "key" : "13-12-2017/lists/all/C-1257159P-MensinDailyDeepCleanShampoo",
    "key_in_category_list" : "13-12-2017/lists/beauty/C-1257159P-MensinDailyDeepCleanShampoo",
    "likes" : 0,
    "name" : "Mens 2 in 1 Daily Deep Clean Shampoo",
    "package_price" : "$1.08 per 100mL",
    "package_size" : "300mL",
    "price" : 3.24,
    "source" : "Coles",
    "source_short" : "C",
    "stock_code" : "1257159P",
    "thumbnail_url" : "https://shop.coles.com.au//wcsstore/Coles-CAS/images/1/2/5/1257159.jpg",
    "was_price" : 7.14
  },
  "C-134608P-OliveOilPureElTradicional" : {
    "brand" : "Moro",
    "category" : "Pantry",
    "id" : "C-134608P-OliveOilPureElTradicional",
    "is_valid" : true,
    "key" : "13-12-2017/lists/all/C-134608P-OliveOilPureElTradicional",
    "key_in_category_list" : "13-12-2017/lists/pantry/C-134608P-OliveOilPureElTradicional",
    "likes" : 0,
    "name" : "Olive Oil Pure El Tradicional",
    "package_price" : "$0.80 per 100mL",
    "package_size" : "1L",
    "price" : 8.0,
    "source" : "Coles",
    "source_short" : "C",
    "stock_code" : "134608P",
    "thumbnail_url" : "https://shop.coles.com.au//wcsstore/Coles-CAS/images/1/3/4/134608.jpg",
    "was_price" : 17.6
  },
  "C-136487P-FlakeChocolateBar" : {
    "brand" : "Cadbury",
    "category" : "Pantry",
    "id" : "C-136487P-FlakeChocolateBar",
    "is_valid" : true,
    "key" : "13-12-2017/lists/all/C-136487P-FlakeChocolateBar",
    "key_in_category_list" : "13-12-2017/lists/pantry/C-136487P-FlakeChocolateBar",
    "likes" : 1,
    "name" : "Flake Chocolate Bar",
    "package_price" : "$3.33 per 100G",
    "package_size" : "30g",
    "price" : 1.0,
    "source" : "Coles",
    "source_short" : "C",
    "stock_code" : "136487P",
    "thumbnail_url" : "https://shop.coles.com.au//wcsstore/Coles-CAS/images/1/3/6/136487.jpg",
    "was_price" : 2.2
  },
  "C-136498P-TurkishDelightChocolateBar" : {
    "brand" : "Fry's",
    "category" : "Pantry",
    "id" : "C-136498P-TurkishDelightChocolateBar",
    "is_valid" : true,
    "key" : "13-12-2017/lists/all/C-136498P-TurkishDelightChocolateBar",
    "key_in_category_list" : "13-12-2017/lists/pantry/C-136498P-TurkishDelightChocolateBar",
    "likes" : 0,
    "name" : "Turkish Delight Chocolate Bar",
    "package_price" : "$1.82 per 100G",
    "package_size" : "55g",
    "price" : 1.0,
    "source" : "Coles",
    "source_short" : "C",
    "stock_code" : "136498P",
    "thumbnail_url" : "https://shop.coles.com.au//wcsstore/Coles-CAS/images/1/3/6/136498.jpg",
    "was_price" : 2.2
  },
  "C-136523P-CrunchieChocolatebar" : {
    "brand" : "Cadbury",
    "category" : "Pantry",
    "id" : "C-136523P-CrunchieChocolatebar",
    "is_valid" : true,
    "key" : "13-12-2017/lists/all/C-136523P-CrunchieChocolatebar",
    "key_in_category_list" : "13-12-2017/lists/pantry/C-136523P-CrunchieChocolatebar",
    "likes" : 0,
    "name" : "Crunchie Chocolate bar",
    "package_price" : "$2.00 per 100G",
    "package_size" : "50g",
    "price" : 1.0,
    "source" : "Coles",
    "source_short" : "C",
    "stock_code" : "136523P",
    "thumbnail_url" : "https://shop.coles.com.au//wcsstore/Coles-CAS/images/1/3/6/136523.jpg",
    "was_price" : 2.2
  },
  "C-136534P-CherryRipeChocolateBar" : {
    "brand" : "Cadbury",
    "category" : "Pantry",
    "id" : "C-136534P-CherryRipeChocolateBar",
    "is_valid" : true,
    "key" : "13-12-2017/lists/all/C-136534P-CherryRipeChocolateBar",
    "key_in_category_list" : "13-12-2017/lists/pantry/C-136534P-CherryRipeChocolateBar",
    "likes" : 1,
    "name" : "Cherry Ripe Chocolate Bar",
    "package_price" : "$1.92 per 100G",
    "package_size" : "52g",
    "price" : 1.0,
    "source" : "Coles",
    "source_short" : "C",
    "stock_code" : "136534P",
    "thumbnail_url" : "https://shop.coles.com.au//wcsstore/Coles-CAS/images/1/3/6/136534.jpg",
    "was_price" : 2.2
  },
  "C-136556P-PicnicChocolateBar" : {
    "brand" : "Cadbury",
    "category" : "Pantry",
    "id" : "C-136556P-PicnicChocolateBar",
    "is_valid" : true,
    "key" : "13-12-2017/lists/all/C-136556P-PicnicChocolateBar",
    "key_in_category_list" : "13-12-2017/lists/pantry/C-136556P-PicnicChocolateBar",
    "likes" : 0,
    "name" : "Picnic Chocolate Bar",
    "package_price" : "$2.17 per 100G",
    "package_size" : "46g",
    "price" : 1.0,
    "source" : "Coles",
    "source_short" : "C",
    "stock_code" : "136556P",
    "thumbnail_url" : "https://shop.coles.com.au//wcsstore/Coles-CAS/images/1/3/6/136556.jpg",
    "was_price" : 2.2
  },
  "C-1471523P-PeanutGiftboxg" : {
    "brand" : "M&M's",
    "category" : "Pantry",
    "id" : "C-1471523P-PeanutGiftboxg",
    "is_valid" : true,
    "key" : "13-12-2017/lists/all/C-1471523P-PeanutGiftboxg",
    "key_in_category_list" : "13-12-2017/lists/pantry/C-1471523P-PeanutGiftboxg",
    "likes" : 0,
    "name" : "Peanut Giftbox 440g",
    "package_price" : "$1.14 per 100G",
    "package_size" : "440g",
    "price" : 5.0,
    "source" : "Coles",
    "source_short" : "C",
    "stock_code" : "1471523P",
    "thumbnail_url" : "https://shop.coles.com.au//wcsstore/Coles-CAS/images/1/4/7/1471523.jpg",
    "was_price" : 11.0
  },
  "C-1491939P-RaffaelloPochetteChocolates" : {
    "brand" : "Ferrero",
    "category" : "Christmas",
    "id" : "C-1491939P-RaffaelloPochetteChocolates",
    "is_valid" : true,
    "key" : "13-12-2017/lists/all/C-1491939P-RaffaelloPochetteChocolates",
    "key_in_category_list" : "13-12-2017/lists/christmas/C-1491939P-RaffaelloPochetteChocolates",
    "likes" : 0,
    "name" : "Raffaello Pochette Chocolates",
    "package_price" : "$3.33 per 100G",
    "package_size" : "270g",
    "price" : 9.0,
    "source" : "Coles",
    "source_short" : "C",
    "stock_code" : "1491939P",
    "thumbnail_url" : "https://shop.coles.com.au//wcsstore/Coles-CAS/images/1/4/9/1491939.jpg",
    "was_price" : 19.8
  },
  "C-1517205P-NaturgardPrimeIndoorEucalyptusAutomaticInsectControl" : {
    "brand" : "Mortein",
    "category" : "Household",
    "id" : "C-1517205P-NaturgardPrimeIndoorEucalyptusAutomaticInsectControl",
    "is_valid" : true,
    "key" : "13-12-2017/lists/all/C-1517205P-NaturgardPrimeIndoorEucalyptusAutomaticInsectControl",
    "key_in_category_list" : "13-12-2017/lists/household/C-1517205P-NaturgardPrimeIndoorEucalyptusAutomaticInsectControl",
    "likes" : 0,
    "name" : "Naturgard Prime Indoor Eucalyptus Automatic Insect Control",
    "package_price" : "$15.00 per 1Ea",
    "package_size" : "1 pack",
    "price" : 15.0,
    "source" : "Coles",
    "source_short" : "C",
    "stock_code" : "1517205P",
    "thumbnail_url" : "https://shop.coles.com.au//wcsstore/Coles-CAS/images/1/5/1/1517205.jpg",
    "was_price" : 33.0
  },
  "C-1549370P-FrozenJapaneseGyoza" : {
    "brand" : "Pacific West",
    "category" : "Frozen",
    "id" : "C-1549370P-FrozenJapaneseGyoza",
    "is_valid" : true,
    "key" : "13-12-2017/lists/all/C-1549370P-FrozenJapaneseGyoza",
    "key_in_category_list" : "13-12-2017/lists/frozen/C-1549370P-FrozenJapaneseGyoza",
    "likes" : 2,
    "name" : "Frozen Japanese Gyoza",
    "package_price" : "$0.82 per 100G",
    "package_size" : "700g",
    "price" : 5.77,
    "source" : "Coles",
    "source_short" : "C",
    "stock_code" : "1549370P",
    "thumbnail_url" : "https://shop.coles.com.au//wcsstore/Coles-CAS/images/1/5/4/1549370.jpg",
    "was_price" : 12.71
  },
  "C-1574173P-RiceCrackersTangyBbq" : {
    "brand" : "Peckish",
    "category" : "Pantry",
    "id" : "C-1574173P-RiceCrackersTangyBbq",
    "is_valid" : true,
    "key" : "13-12-2017/lists/all/C-1574173P-RiceCrackersTangyBbq",
    "key_in_category_list" : "13-12-2017/lists/pantry/C-1574173P-RiceCrackersTangyBbq",
    "likes" : 1,
    "name" : "Rice Crackers Tangy Bbq",
    "package_price" : "$1.00 per 100G",
    "package_size" : "100g",
    "price" : 1.0,
    "source" : "Coles",
    "source_short" : "C",
    "stock_code" : "1574173P",
    "thumbnail_url" : "https://shop.coles.com.au//wcsstore/Coles-CAS/images/1/5/7/1574173.jpg",
    "was_price" : 2.42
  },
  "C-1640846P-MensChestyAthleticMSize" : {
    "brand" : "Bonds",
    "category" : "Socks & Jocks",
    "id" : "C-1640846P-MensChestyAthleticMSize",
    "is_valid" : true,
    "key" : "13-12-2017/lists/all/C-1640846P-MensChestyAthleticMSize",
    "key_in_category_list" : "13-12-2017/lists/household/C-1640846P-MensChestyAthleticMSize",
    "likes" : 0,
    "name" : "Mens Chesty Athletic M37566 Size 20",
    "package_price" : "$6.50 per 1Ea",
    "package_size" : "1 pack",
    "price" : 6.5,
    "source" : "Coles",
    "source_short" : "C",
    "stock_code" : "1640846P",
    "thumbnail_url" : "https://shop.coles.com.au//wcsstore/Coles-CAS/images/1/6/4/1640846.jpg",
    "was_price" : 14.3
  },
  "C-1691086P-HighFibrePenneRigatePasta" : {
    "brand" : "Vetta",
    "category" : "Pantry",
    "id" : "C-1691086P-HighFibrePenneRigatePasta",
    "is_valid" : true,
    "key" : "13-12-2017/lists/all/C-1691086P-HighFibrePenneRigatePasta",
    "key_in_category_list" : "13-12-2017/lists/pantry/C-1691086P-HighFibrePenneRigatePasta",
    "likes" : 6,
    "name" : "High Fibre Penne Rigate Pasta",
    "package_price" : "$0.20 per 100G",
    "package_size" : "500g",
    "price" : 1.0,
    "source" : "Coles",
    "source_short" : "C",
    "stock_code" : "1691086P",
    "thumbnail_url" : "https://shop.coles.com.au//wcsstore/Coles-CAS/images/1/6/9/1691086.jpg",
    "was_price" : 2.2
  },
  "C-1696680P-HighFibreFettuccinePastaNo" : {
    "brand" : "Vetta",
    "category" : "Pantry",
    "id" : "C-1696680P-HighFibreFettuccinePastaNo",
    "is_valid" : true,
    "key" : "13-12-2017/lists/all/C-1696680P-HighFibreFettuccinePastaNo",
    "key_in_category_list" : "13-12-2017/lists/pantry/C-1696680P-HighFibreFettuccinePastaNo",
    "likes" : 1,
    "name" : "High Fibre Fettuccine Pasta No 12",
    "package_price" : "$0.20 per 100G",
    "package_size" : "500g",
    "price" : 1.0,
    "source" : "Coles",
    "source_short" : "C",
    "stock_code" : "1696680P",
    "thumbnail_url" : "https://shop.coles.com.au//wcsstore/Coles-CAS/images/1/6/9/1696680.jpg",
    "was_price" : 2.2
  },
  "C-1696691P-HighFibreLargePastaSpiralsNo" : {
    "brand" : "Vetta",
    "category" : "Pantry",
    "id" : "C-1696691P-HighFibreLargePastaSpiralsNo",
    "is_valid" : true,
    "key" : "13-12-2017/lists/all/C-1696691P-HighFibreLargePastaSpiralsNo",
    "key_in_category_list" : "13-12-2017/lists/pantry/C-1696691P-HighFibreLargePastaSpiralsNo",
    "likes" : 0,
    "name" : "High Fibre Large Pasta Spirals No 53",
    "package_price" : "$0.20 per 100G",
    "package_size" : "500g",
    "price" : 1.0,
    "source" : "Coles",
    "source_short" : "C",
    "stock_code" : "1696691P",
    "thumbnail_url" : "https://shop.coles.com.au//wcsstore/Coles-CAS/images/1/6/9/1696691.jpg",
    "was_price" : 2.2
  },
  "C-1721880P-ComfyTopsOpaqueTightsDenierBlackAverageTalls" : {
    "brand" : "Bonds",
    "category" : "Clothing",
    "id" : "C-1721880P-ComfyTopsOpaqueTightsDenierBlackAverageTalls",
    "is_valid" : true,
    "key" : "13-12-2017/lists/all/C-1721880P-ComfyTopsOpaqueTightsDenierBlackAverageTalls",
    "key_in_category_list" : "13-12-2017/lists/household/C-1721880P-ComfyTopsOpaqueTightsDenierBlackAverageTalls",
    "likes" : 0,
    "name" : "Comfy Tops Opaque Tights 70 Denier Black Average/Talls",
    "package_price" : "",
    "package_size" : "1 pack",
    "price" : 6.0,
    "source" : "Coles",
    "source_short" : "C",
    "stock_code" : "1721880P",
    "thumbnail_url" : "https://shop.coles.com.au//wcsstore/Coles-CAS/images/1/7/2/1721880.jpg",
    "was_price" : 13.2
  },
  "C-1721890P-ComfyTopsOpaqueTightsDenierBlackTallXTall" : {
    "brand" : "Bonds",
    "category" : "Clothing",
    "id" : "C-1721890P-ComfyTopsOpaqueTightsDenierBlackTallXTall",
    "is_valid" : true,
    "key" : "13-12-2017/lists/all/C-1721890P-ComfyTopsOpaqueTightsDenierBlackTallXTall",
    "key_in_category_list" : "13-12-2017/lists/household/C-1721890P-ComfyTopsOpaqueTightsDenierBlackTallXTall",
    "likes" : 0,
    "name" : "Comfy Tops Opaque Tights 70 Denier Black Tall/XTall",
    "package_price" : "",
    "package_size" : "1 pack",
    "price" : 6.0,
    "source" : "Coles",
    "source_short" : "C",
    "stock_code" : "1721890P",
    "thumbnail_url" : "https://shop.coles.com.au//wcsstore/Coles-CAS/images/1/7/2/1721890.jpg",
    "was_price" : 13.2
  },
  "C-1721915P-SkinnyLeggingAssortedColoursAverageTall" : {
    "brand" : "Bonds",
    "category" : "Clothing",
    "id" : "C-1721915P-SkinnyLeggingAssortedColoursAverageTall",
    "is_valid" : true,
    "key" : "13-12-2017/lists/all/C-1721915P-SkinnyLeggingAssortedColoursAverageTall",
    "key_in_category_list" : "13-12-2017/lists/household/C-1721915P-SkinnyLeggingAssortedColoursAverageTall",
    "likes" : 0,
    "name" : "Skinny Legging Assorted Colours Average/Tall",
    "package_price" : "",
    "package_size" : "1 pack",
    "price" : 10.0,
    "source" : "Coles",
    "source_short" : "C",
    "stock_code" : "1721915P",
    "thumbnail_url" : "https://shop.coles.com.au//wcsstore/Coles-CAS/images/1/7/2/1721915.jpg",
    "was_price" : 22.0
  },
  "C-1721926P-SkinnyLeggingAssortedColoursTallXTall" : {
    "brand" : "Bonds",
    "category" : "Clothing",
    "id" : "C-1721926P-SkinnyLeggingAssortedColoursTallXTall",
    "is_valid" : true,
    "key" : "13-12-2017/lists/all/C-1721926P-SkinnyLeggingAssortedColoursTallXTall",
    "key_in_category_list" : "13-12-2017/lists/household/C-1721926P-SkinnyLeggingAssortedColoursTallXTall",
    "likes" : 0,
    "name" : "Skinny Legging Assorted Colours Tall/XTall",
    "package_price" : "",
    "package_size" : "1 pack",
    "price" : 10.0,
    "source" : "Coles",
    "source_short" : "C",
    "stock_code" : "1721926P",
    "thumbnail_url" : "https://shop.coles.com.au//wcsstore/Coles-CAS/images/1/7/2/1721926.jpg",
    "was_price" : 22.0
  },
  "C-1722022P-ShineLightPantyhoseNaturalAverage" : {
    "brand" : "Razza matazz",
    "category" : "Clothing",
    "id" : "C-1722022P-ShineLightPantyhoseNaturalAverage",
    "is_valid" : true,
    "key" : "13-12-2017/lists/all/C-1722022P-ShineLightPantyhoseNaturalAverage",
    "key_in_category_list" : "13-12-2017/lists/household/C-1722022P-ShineLightPantyhoseNaturalAverage",
    "likes" : 0,
    "name" : "Shine Light Pantyhose Natural Average",
    "package_price" : "$5.00 per 1ea",
    "package_size" : "1 pack",
    "price" : 5.0,
    "source" : "Coles",
    "source_short" : "C",
    "stock_code" : "1722022P",
    "thumbnail_url" : "https://shop.coles.com.au//wcsstore/Coles-CAS/images/1/7/2/1722022.jpg",
    "was_price" : 11.0
  },
  "C-1722033P-ShineLightPantyhoseNaturalTalls" : {
    "brand" : "Razza matazz",
    "category" : "Clothing",
    "id" : "C-1722033P-ShineLightPantyhoseNaturalTalls",
    "is_valid" : true,
    "key" : "13-12-2017/lists/all/C-1722033P-ShineLightPantyhoseNaturalTalls",
    "key_in_category_list" : "13-12-2017/lists/household/C-1722033P-ShineLightPantyhoseNaturalTalls",
    "likes" : 0,
    "name" : "Shine Light Pantyhose Natural Talls",
    "package_price" : "$5.00 per 1ea",
    "package_size" : "1 pack",
    "price" : 5.0,
    "source" : "Coles",
    "source_short" : "C",
    "stock_code" : "1722033P",
    "thumbnail_url" : "https://shop.coles.com.au//wcsstore/Coles-CAS/images/1/7/2/1722033.jpg",
    "was_price" : 11.0
  },
  "C-1722044P-ShineLightPantyhoseNaturalXTall" : {
    "brand" : "Razza matazz",
    "category" : "Clothing",
    "id" : "C-1722044P-ShineLightPantyhoseNaturalXTall",
    "is_valid" : true,
    "key" : "13-12-2017/lists/all/C-1722044P-ShineLightPantyhoseNaturalXTall",
    "key_in_category_list" : "13-12-2017/lists/household/C-1722044P-ShineLightPantyhoseNaturalXTall",
    "likes" : 0,
    "name" : "Shine Light Pantyhose Natural X Tall",
    "package_price" : "$5.00 per 1ea",
    "package_size" : "1 pack",
    "price" : 5.0,
    "source" : "Coles",
    "source_short" : "C",
    "stock_code" : "1722044P",
    "thumbnail_url" : "https://shop.coles.com.au//wcsstore/Coles-CAS/images/1/7/2/1722044.jpg",
    "was_price" : 11.0
  },
  "C-1722066P-ShineLightPantyhoseBlackAverage" : {
    "brand" : "Razza matazz",
    "category" : "Clothing",
    "id" : "C-1722066P-ShineLightPantyhoseBlackAverage",
    "is_valid" : true,
    "key" : "13-12-2017/lists/all/C-1722066P-ShineLightPantyhoseBlackAverage",
    "key_in_category_list" : "13-12-2017/lists/household/C-1722066P-ShineLightPantyhoseBlackAverage",
    "likes" : 0,
    "name" : "Shine Light Pantyhose Black Average",
    "package_price" : "$5.00 per 1ea",
    "package_size" : "1 pack",
    "price" : 5.0,
    "source" : "Coles",
    "source_short" : "C",
    "stock_code" : "1722066P",
    "thumbnail_url" : "https://shop.coles.com.au//wcsstore/Coles-CAS/images/1/7/2/1722066.jpg",
    "was_price" : 11.0
  },
  "C-1722077P-ShineLightPantyhoseBlackTalls" : {
    "brand" : "Razza matazz",
    "category" : "Clothing",
    "id" : "C-1722077P-ShineLightPantyhoseBlackTalls",
    "is_valid" : true,
    "key" : "13-12-2017/lists/all/C-1722077P-ShineLightPantyhoseBlackTalls",
    "key_in_category_list" : "13-12-2017/lists/household/C-1722077P-ShineLightPantyhoseBlackTalls",
    "likes" : 0,
    "name" : "Shine Light Pantyhose Black Talls",
    "package_price" : "$5.00 per 1ea",
    "package_size" : "1 pack",
    "price" : 5.0,
    "source" : "Coles",
    "source_short" : "C",
    "stock_code" : "1722077P",
    "thumbnail_url" : "https://shop.coles.com.au//wcsstore/Coles-CAS/images/1/7/2/1722077.jpg",
    "was_price" : 11.0
  },
  "C-1722088P-ShineLightPantyhoseBlackXTall" : {
    "brand" : "Razza matazz",
    "category" : "Clothing",
    "id" : "C-1722088P-ShineLightPantyhoseBlackXTall",
    "is_valid" : true,
    "key" : "13-12-2017/lists/all/C-1722088P-ShineLightPantyhoseBlackXTall",
    "key_in_category_list" : "13-12-2017/lists/household/C-1722088P-ShineLightPantyhoseBlackXTall",
    "likes" : 0,
    "name" : "Shine Light Pantyhose Black X Tall",
    "package_price" : "$5.00 per 1ea",
    "package_size" : "1 pack",
    "price" : 5.0,
    "source" : "Coles",
    "source_short" : "C",
    "stock_code" : "1722088P",
    "thumbnail_url" : "https://shop.coles.com.au//wcsstore/Coles-CAS/images/1/7/2/1722088.jpg",
    "was_price" : 11.0
  },
  "C-1731690P-SunflowerOil" : {
    "brand" : "Gold Choice",
    "category" : "Pantry",
    "id" : "C-1731690P-SunflowerOil",
    "is_valid" : true,
    "key" : "13-12-2017/lists/all/C-1731690P-SunflowerOil",
    "key_in_category_list" : "13-12-2017/lists/pantry/C-1731690P-SunflowerOil",
    "likes" : 0,
    "name" : "Sunflower Oil",
    "package_price" : "$0.23 per 100mL",
    "package_size" : "4L",
    "price" : 9.0,
    "source" : "Coles",
    "source_short" : "C",
    "stock_code" : "1731690P",
    "thumbnail_url" : "https://shop.coles.com.au//wcsstore/Coles-CAS/images/1/7/3/1731690.jpg",
    "was_price" : 19.8
  },
  "C-1731704P-VegetableOil" : {
    "brand" : "Gold Choice",
    "category" : "Pantry",
    "id" : "C-1731704P-VegetableOil",
    "is_valid" : true,
    "key" : "13-12-2017/lists/all/C-1731704P-VegetableOil",
    "key_in_category_list" : "13-12-2017/lists/pantry/C-1731704P-VegetableOil",
    "likes" : 0,
    "name" : "Vegetable Oil",
    "package_price" : "$0.23 per 100mL",
    "package_size" : "4L",
    "price" : 9.0,
    "source" : "Coles",
    "source_short" : "C",
    "stock_code" : "1731704P",
    "thumbnail_url" : "https://shop.coles.com.au//wcsstore/Coles-CAS/images/1/7/3/1731704.jpg",
    "was_price" : 19.8
  },
  "C-1731726P-CanolaOil" : {
    "brand" : "Gold Choice",
    "category" : "Pantry",
    "id" : "C-1731726P-CanolaOil",
    "is_valid" : true,
    "key" : "13-12-2017/lists/all/C-1731726P-CanolaOil",
    "key_in_category_list" : "13-12-2017/lists/pantry/C-1731726P-CanolaOil",
    "likes" : 0,
    "name" : "Canola Oil",
    "package_price" : "$0.23 per 100mL",
    "package_size" : "4L",
    "price" : 9.0,
    "source" : "Coles",
    "source_short" : "C",
    "stock_code" : "1731726P",
    "thumbnail_url" : "https://shop.coles.com.au//wcsstore/Coles-CAS/images/1/7/3/1731726.jpg",
    "was_price" : 19.8
  },
  "C-1751530P-MediumGrainBrownRice" : {
    "brand" : "Sunrice",
    "category" : "Pantry",
    "id" : "C-1751530P-MediumGrainBrownRice",
    "is_valid" : true,
    "key" : "13-12-2017/lists/all/C-1751530P-MediumGrainBrownRice",
    "key_in_category_list" : "13-12-2017/lists/pantry/C-1751530P-MediumGrainBrownRice",
    "likes" : 3,
    "name" : "Medium Grain Brown Rice",
    "package_price" : "$0.14 per 100G",
    "package_size" : "5kg",
    "price" : 6.8,
    "source" : "Coles",
    "source_short" : "C",
    "stock_code" : "1751530P",
    "thumbnail_url" : "https://shop.coles.com.au//wcsstore/Coles-CAS/images/1/7/5/1751530.jpg",
    "was_price" : 14.96
  },
  "C-1837104P-MensUltimateComfortSocksAssortedsize" : {
    "brand" : "Bonds",
    "category" : "Clothing",
    "id" : "C-1837104P-MensUltimateComfortSocksAssortedsize",
    "is_valid" : true,
    "key" : "13-12-2017/lists/all/C-1837104P-MensUltimateComfortSocksAssortedsize",
    "key_in_category_list" : "13-12-2017/lists/household/C-1837104P-MensUltimateComfortSocksAssortedsize",
    "likes" : 0,
    "name" : "Mens Ultimate Comfort Socks Assorted 1 size 6+",
    "package_price" : "$3.50 per 1Ea",
    "package_size" : "2 pack",
    "price" : 7.0,
    "source" : "Coles",
    "source_short" : "C",
    "stock_code" : "1837104P",
    "thumbnail_url" : "https://shop.coles.com.au//wcsstore/Coles-CAS/images/1/8/3/1837104.jpg",
    "was_price" : 15.4
  },
  "C-1837115P-MensUltimateComfortSocksAssortedsize" : {
    "brand" : "Bonds",
    "category" : "Clothing",
    "id" : "C-1837115P-MensUltimateComfortSocksAssortedsize",
    "is_valid" : true,
    "key" : "13-12-2017/lists/all/C-1837115P-MensUltimateComfortSocksAssortedsize",
    "key_in_category_list" : "13-12-2017/lists/household/C-1837115P-MensUltimateComfortSocksAssortedsize",
    "likes" : 0,
    "name" : "Mens Ultimate Comfort Socks Assorted size 11+",
    "package_price" : "$3.50 per 1Ea",
    "package_size" : "2 pack",
    "price" : 7.0,
    "source" : "Coles",
    "source_short" : "C",
    "stock_code" : "1837115P",
    "thumbnail_url" : "https://shop.coles.com.au//wcsstore/Coles-CAS/images/1/8/3/1837115.jpg",
    "was_price" : 15.4
  },
  "C-1838297P-BananaPowder" : {
    "brand" : "Hi Life Rapid Loss",
    "category" : "Pantry",
    "id" : "C-1838297P-BananaPowder",
    "is_valid" : true,
    "key" : "13-12-2017/lists/all/C-1838297P-BananaPowder",
    "key_in_category_list" : "13-12-2017/lists/pantry/C-1838297P-BananaPowder",
    "likes" : 0,
    "name" : "Banana Powder",
    "package_price" : "$2.67 per 100G",
    "package_size" : "750g",
    "price" : 19.99,
    "source" : "Coles",
    "source_short" : "C",
    "stock_code" : "1838297P",
    "thumbnail_url" : "https://shop.coles.com.au//wcsstore/Coles-CAS/images/1/8/3/1838297.jpg",
    "was_price" : 43.99
  },
  "C-1850146P-DairyMilkSnackChocolateBar" : {
    "brand" : "Cadbury",
    "category" : "Pantry",
    "id" : "C-1850146P-DairyMilkSnackChocolateBar",
    "is_valid" : true,
    "key" : "13-12-2017/lists/all/C-1850146P-DairyMilkSnackChocolateBar",
    "key_in_category_list" : "13-12-2017/lists/pantry/C-1850146P-DairyMilkSnackChocolateBar",
    "likes" : 0,
    "name" : "Dairy Milk Snack Chocolate Bar",
    "package_price" : "$1.82 per 100G",
    "package_size" : "55g",
    "price" : 1.0,
    "source" : "Coles",
    "source_short" : "C",
    "stock_code" : "1850146P",
    "thumbnail_url" : "https://shop.coles.com.au//wcsstore/Coles-CAS/images/1/8/5/1850146.jpg",
    "was_price" : 2.2
  },
  "C-1866623P-FrozenViennaSchnitzels" : {
    "brand" : "Colonial Farm",
    "category" : "Frozen",
    "id" : "C-1866623P-FrozenViennaSchnitzels",
    "is_valid" : true,
    "key" : "13-12-2017/lists/all/C-1866623P-FrozenViennaSchnitzels",
    "key_in_category_list" : "13-12-2017/lists/frozen/C-1866623P-FrozenViennaSchnitzels",
    "likes" : 3,
    "name" : "Frozen Vienna Schnitzels",
    "package_price" : "$7.41 per 1Kg",
    "package_size" : "540g",
    "price" : 4.0,
    "source" : "Coles",
    "source_short" : "C",
    "stock_code" : "1866623P",
    "thumbnail_url" : "https://shop.coles.com.au//wcsstore/Coles-CAS/images/1/8/6/1866623.jpg",
    "was_price" : 8.8
  },
  "C-1954072P-NaturgardOutdoorOdourlessAutomaticInsectControlSystem" : {
    "brand" : "Mortein",
    "category" : "Household",
    "id" : "C-1954072P-NaturgardOutdoorOdourlessAutomaticInsectControlSystem",
    "is_valid" : true,
    "key" : "13-12-2017/lists/all/C-1954072P-NaturgardOutdoorOdourlessAutomaticInsectControlSystem",
    "key_in_category_list" : "13-12-2017/lists/household/C-1954072P-NaturgardOutdoorOdourlessAutomaticInsectControlSystem",
    "likes" : 0,
    "name" : "Naturgard Outdoor Odourless Automatic Insect Control System",
    "package_price" : "$15.00 per 1Ea",
    "package_size" : "154g",
    "price" : 15.0,
    "source" : "Coles",
    "source_short" : "C",
    "stock_code" : "1954072P",
    "thumbnail_url" : "https://shop.coles.com.au//wcsstore/Coles-CAS/images/1/9/5/1954072.jpg",
    "was_price" : 33.0
  },
  "C-197925P-OriginalWaterCrackers" : {
    "brand" : "Carr's",
    "category" : "Pantry",
    "id" : "C-197925P-OriginalWaterCrackers",
    "is_valid" : true,
    "key" : "13-12-2017/lists/all/C-197925P-OriginalWaterCrackers",
    "key_in_category_list" : "13-12-2017/lists/pantry/C-197925P-OriginalWaterCrackers",
    "likes" : 0,
    "name" : "Original Water Crackers",
    "package_price" : "$0.84 per 100G",
    "package_size" : "125g",
    "price" : 1.05,
    "source" : "Coles",
    "source_short" : "C",
    "stock_code" : "197925P",
    "thumbnail_url" : "https://shop.coles.com.au//wcsstore/Coles-CAS/images/1/9/7/197925.jpg",
    "was_price" : 2.31
  },
  "C-1980582P-CelebrationGiftboxg" : {
    "brand" : "Celebrations",
    "category" : "Pantry",
    "id" : "C-1980582P-CelebrationGiftboxg",
    "is_valid" : true,
    "key" : "13-12-2017/lists/all/C-1980582P-CelebrationGiftboxg",
    "key_in_category_list" : "13-12-2017/lists/pantry/C-1980582P-CelebrationGiftboxg",
    "likes" : 4,
    "name" : "Celebration Giftbox 300g",
    "package_price" : "$1.67 per 100G",
    "package_size" : "300g",
    "price" : 5.0,
    "source" : "Coles",
    "source_short" : "C",
    "stock_code" : "1980582P",
    "thumbnail_url" : "https://shop.coles.com.au//wcsstore/Coles-CAS/images/1/9/8/1980582.jpg",
    "was_price" : 11.0
  },
  "C-1982373P-FrozenChickenTenders" : {
    "brand" : "SFC",
    "category" : "Frozen",
    "id" : "C-1982373P-FrozenChickenTenders",
    "is_valid" : true,
    "key" : "13-12-2017/lists/all/C-1982373P-FrozenChickenTenders",
    "key_in_category_list" : "13-12-2017/lists/frozen/C-1982373P-FrozenChickenTenders",
    "likes" : 3,
    "name" : "Frozen Chicken Tenders",
    "package_price" : "$11.50 per 1Kg",
    "package_size" : "400g",
    "price" : 4.6,
    "source" : "Coles",
    "source_short" : "C",
    "stock_code" : "1982373P",
    "thumbnail_url" : "https://shop.coles.com.au//wcsstore/Coles-CAS/images/1/9/8/1982373.jpg",
    "was_price" : 10.12
  },
  "C-2026184P-FavouritesChocolateBox" : {
    "brand" : "Cadbury",
    "category" : "Pantry",
    "id" : "C-2026184P-FavouritesChocolateBox",
    "is_valid" : true,
    "key" : "13-12-2017/lists/all/C-2026184P-FavouritesChocolateBox",
    "key_in_category_list" : "13-12-2017/lists/pantry/C-2026184P-FavouritesChocolateBox",
    "likes" : 6,
    "name" : "Favourites Chocolate Box",
    "package_price" : "$1.88 per 100G",
    "package_size" : "320g",
    "price" : 6.0,
    "source" : "Coles",
    "source_short" : "C",
    "stock_code" : "2026184P",
    "thumbnail_url" : "https://shop.coles.com.au//wcsstore/Coles-CAS/images/2/0/2/2026184.jpg",
    "was_price" : 13.2
  },
  "C-2026195P-FavouritesMiniBlocksChocolateGiftBox" : {
    "brand" : "Cadbury",
    "category" : "Pantry",
    "id" : "C-2026195P-FavouritesMiniBlocksChocolateGiftBox",
    "is_valid" : true,
    "key" : "13-12-2017/lists/all/C-2026195P-FavouritesMiniBlocksChocolateGiftBox",
    "key_in_category_list" : "13-12-2017/lists/pantry/C-2026195P-FavouritesMiniBlocksChocolateGiftBox",
    "likes" : 1,
    "name" : "Favourites Mini Blocks Chocolate Gift Box",
    "package_price" : "$1.88 per 100G",
    "package_size" : "320g",
    "price" : 6.0,
    "source" : "Coles",
    "source_short" : "C",
    "stock_code" : "2026195P",
    "thumbnail_url" : "https://shop.coles.com.au//wcsstore/Coles-CAS/images/2/0/2/2026195.jpg",
    "was_price" : 13.2
  },
  "C-206560P-MediumGrainWhiteRice" : {
    "brand" : "Sunrice",
    "category" : "Pantry",
    "id" : "C-206560P-MediumGrainWhiteRice",
    "is_valid" : true,
    "key" : "13-12-2017/lists/all/C-206560P-MediumGrainWhiteRice",
    "key_in_category_list" : "13-12-2017/lists/pantry/C-206560P-MediumGrainWhiteRice",
    "likes" : 2,
    "name" : "Medium Grain White Rice",
    "package_price" : "$0.14 per 100G",
    "package_size" : "5kg",
    "price" : 6.8,
    "source" : "Coles",
    "source_short" : "C",
    "stock_code" : "206560P",
    "thumbnail_url" : "https://shop.coles.com.au//wcsstore/Coles-CAS/images/2/0/6/206560.jpg",
    "was_price" : 14.96
  },
  "C-2103365P-NutritiveSolutionsConditionerIntensiveRepair" : {
    "brand" : "Dove",
    "category" : "Health & Beauty",
    "id" : "C-2103365P-NutritiveSolutionsConditionerIntensiveRepair",
    "is_valid" : true,
    "key" : "13-12-2017/lists/all/C-2103365P-NutritiveSolutionsConditionerIntensiveRepair",
    "key_in_category_list" : "13-12-2017/lists/beauty/C-2103365P-NutritiveSolutionsConditionerIntensiveRepair",
    "likes" : 0,
    "name" : "Nutritive Solutions Conditioner Intensive Repair",
    "package_price" : "$1.08 per 100mL",
    "package_size" : "320mL",
    "price" : 3.44,
    "source" : "Coles",
    "source_short" : "C",
    "stock_code" : "2103365P",
    "thumbnail_url" : "https://shop.coles.com.au//wcsstore/Coles-CAS/images/2/1/0/2103365.jpg",
    "was_price" : 7.58
  },
  "C-2103376P-HairTherapyColourRadianceConditioner" : {
    "brand" : "Dove",
    "category" : "Health & Beauty",
    "id" : "C-2103376P-HairTherapyColourRadianceConditioner",
    "is_valid" : true,
    "key" : "13-12-2017/lists/all/C-2103376P-HairTherapyColourRadianceConditioner",
    "key_in_category_list" : "13-12-2017/lists/beauty/C-2103376P-HairTherapyColourRadianceConditioner",
    "likes" : 0,
    "name" : "Hair Therapy Colour Radiance Conditioner",
    "package_price" : "$1.08 per 100mL",
    "package_size" : "320mL",
    "price" : 3.44,
    "source" : "Coles",
    "source_short" : "C",
    "stock_code" : "2103376P",
    "thumbnail_url" : "https://shop.coles.com.au//wcsstore/Coles-CAS/images/2/1/0/2103376.jpg",
    "was_price" : 7.58
  },
  "C-2103387P-HairTherapyNourishingOilConditioner" : {
    "brand" : "Dove",
    "category" : "Health & Beauty",
    "id" : "C-2103387P-HairTherapyNourishingOilConditioner",
    "is_valid" : true,
    "key" : "13-12-2017/lists/all/C-2103387P-HairTherapyNourishingOilConditioner",
    "key_in_category_list" : "13-12-2017/lists/beauty/C-2103387P-HairTherapyNourishingOilConditioner",
    "likes" : 0,
    "name" : "Hair Therapy Nourishing Oil Conditioner",
    "package_price" : "$1.08 per 100mL",
    "package_size" : "320mL",
    "price" : 3.44,
    "source" : "Coles",
    "source_short" : "C",
    "stock_code" : "2103387P",
    "thumbnail_url" : "https://shop.coles.com.au//wcsstore/Coles-CAS/images/2/1/0/2103387.jpg",
    "was_price" : 7.58
  },
  "C-2103398P-NutritiveSolutionsConditionerDailyMoisture" : {
    "brand" : "Dove",
    "category" : "Health & Beauty",
    "id" : "C-2103398P-NutritiveSolutionsConditionerDailyMoisture",
    "is_valid" : true,
    "key" : "13-12-2017/lists/all/C-2103398P-NutritiveSolutionsConditionerDailyMoisture",
    "key_in_category_list" : "13-12-2017/lists/beauty/C-2103398P-NutritiveSolutionsConditionerDailyMoisture",
    "likes" : 0,
    "name" : "Nutritive Solutions Conditioner Daily Moisture",
    "package_price" : "$1.08 per 100mL",
    "package_size" : "320mL",
    "price" : 3.44,
    "source" : "Coles",
    "source_short" : "C",
    "stock_code" : "2103398P",
    "thumbnail_url" : "https://shop.coles.com.au//wcsstore/Coles-CAS/images/2/1/0/2103398.jpg",
    "was_price" : 7.58
  },
  "C-2103456P-HairTherapyNourishingOilShampoo" : {
    "brand" : "Dove",
    "category" : "Health & Beauty",
    "id" : "C-2103456P-HairTherapyNourishingOilShampoo",
    "is_valid" : true,
    "key" : "13-12-2017/lists/all/C-2103456P-HairTherapyNourishingOilShampoo",
    "key_in_category_list" : "13-12-2017/lists/beauty/C-2103456P-HairTherapyNourishingOilShampoo",
    "likes" : 1,
    "name" : "Hair Therapy Nourishing Oil Shampoo",
    "package_price" : "$1.08 per 100mL",
    "package_size" : "320mL",
    "price" : 3.44,
    "source" : "Coles",
    "source_short" : "C",
    "stock_code" : "2103456P",
    "thumbnail_url" : "https://shop.coles.com.au//wcsstore/Coles-CAS/images/2/1/0/2103456.jpg",
    "was_price" : 7.58
  },
  "C-2103467P-HairTherapyIntensiveRepairShampoo" : {
    "brand" : "Dove",
    "category" : "Health & Beauty",
    "id" : "C-2103467P-HairTherapyIntensiveRepairShampoo",
    "is_valid" : true,
    "key" : "13-12-2017/lists/all/C-2103467P-HairTherapyIntensiveRepairShampoo",
    "key_in_category_list" : "13-12-2017/lists/beauty/C-2103467P-HairTherapyIntensiveRepairShampoo",
    "likes" : 0,
    "name" : "Hair Therapy Intensive Repair Shampoo",
    "package_price" : "$1.08 per 100mL",
    "package_size" : "320mL",
    "price" : 3.44,
    "source" : "Coles",
    "source_short" : "C",
    "stock_code" : "2103467P",
    "thumbnail_url" : "https://shop.coles.com.au//wcsstore/Coles-CAS/images/2/1/0/2103467.jpg",
    "was_price" : 7.58
  },
  "C-2103478P-NutritiveSolutionsShampooDailyMoisture" : {
    "brand" : "Dove",
    "category" : "Health & Beauty",
    "id" : "C-2103478P-NutritiveSolutionsShampooDailyMoisture",
    "is_valid" : true,
    "key" : "13-12-2017/lists/all/C-2103478P-NutritiveSolutionsShampooDailyMoisture",
    "key_in_category_list" : "13-12-2017/lists/beauty/C-2103478P-NutritiveSolutionsShampooDailyMoisture",
    "likes" : 0,
    "name" : "Nutritive Solutions Shampoo Daily Moisture",
    "package_price" : "$1.08 per 100mL",
    "package_size" : "320mL",
    "price" : 3.44,
    "source" : "Coles",
    "source_short" : "C",
    "stock_code" : "2103478P",
    "thumbnail_url" : "https://shop.coles.com.au//wcsstore/Coles-CAS/images/2/1/0/2103478.jpg",
    "was_price" : 7.58
  },
  "C-2103489P-HairTherapyColourRadianceShampoo" : {
    "brand" : "Dove",
    "category" : "Health & Beauty",
    "id" : "C-2103489P-HairTherapyColourRadianceShampoo",
    "is_valid" : true,
    "key" : "13-12-2017/lists/all/C-2103489P-HairTherapyColourRadianceShampoo",
    "key_in_category_list" : "13-12-2017/lists/beauty/C-2103489P-HairTherapyColourRadianceShampoo",
    "likes" : 0,
    "name" : "Hair Therapy Colour Radiance Shampoo",
    "package_price" : "$1.08 per 100mL",
    "package_size" : "320mL",
    "price" : 3.44,
    "source" : "Coles",
    "source_short" : "C",
    "stock_code" : "2103489P",
    "thumbnail_url" : "https://shop.coles.com.au//wcsstore/Coles-CAS/images/2/1/0/2103489.jpg",
    "was_price" : 7.58
  },
  "C-2137710P-PrepaidCruiseT" : {
    "brand" : "Telstra",
    "category" : "Stationery & Media",
    "id" : "C-2137710P-PrepaidCruiseT",
    "is_valid" : true,
    "key" : "13-12-2017/lists/all/C-2137710P-PrepaidCruiseT",
    "key_in_category_list" : "13-12-2017/lists/stationery/C-2137710P-PrepaidCruiseT",
    "likes" : 0,
    "name" : "Prepaid Cruise T126",
    "package_price" : "$14.00 per 1ea",
    "package_size" : "1 each",
    "price" : 14.0,
    "source" : "Coles",
    "source_short" : "C",
    "stock_code" : "2137710P",
    "thumbnail_url" : "https://shop.coles.com.au//wcsstore/Coles-CAS/images/2/1/3/2137710.jpg",
    "was_price" : 39.0
  },
  "C-2144409P-SheerPantyhoseSlimNudeMedium" : {
    "brand" : "Bonds",
    "category" : "Clothing",
    "id" : "C-2144409P-SheerPantyhoseSlimNudeMedium",
    "is_valid" : true,
    "key" : "13-12-2017/lists/all/C-2144409P-SheerPantyhoseSlimNudeMedium",
    "key_in_category_list" : "13-12-2017/lists/household/C-2144409P-SheerPantyhoseSlimNudeMedium",
    "likes" : 0,
    "name" : "Sheer Pantyhose Slim Nude Medium",
    "package_price" : "$4.00 per 1ea",
    "package_size" : "1 pack",
    "price" : 4.0,
    "source" : "Coles",
    "source_short" : "C",
    "stock_code" : "2144409P",
    "thumbnail_url" : "https://shop.coles.com.au//wcsstore/Coles-CAS/images/2/1/4/2144409.jpg",
    "was_price" : 8.8
  },
  "C-2144410P-SheerPantyhoseSlimNudeLarge" : {
    "brand" : "Bonds",
    "category" : "Clothing",
    "id" : "C-2144410P-SheerPantyhoseSlimNudeLarge",
    "is_valid" : true,
    "key" : "13-12-2017/lists/all/C-2144410P-SheerPantyhoseSlimNudeLarge",
    "key_in_category_list" : "13-12-2017/lists/household/C-2144410P-SheerPantyhoseSlimNudeLarge",
    "likes" : 0,
    "name" : "Sheer Pantyhose Slim Nude Large",
    "package_price" : "$4.00 per 1ea",
    "package_size" : "1 pack",
    "price" : 4.0,
    "source" : "Coles",
    "source_short" : "C",
    "stock_code" : "2144410P",
    "thumbnail_url" : "https://shop.coles.com.au//wcsstore/Coles-CAS/images/2/1/4/2144410.jpg",
    "was_price" : 8.8
  },
  "C-2144602P-SheerPantyhoseSlimBlackMedium" : {
    "brand" : "Bonds",
    "category" : "Clothing",
    "id" : "C-2144602P-SheerPantyhoseSlimBlackMedium",
    "is_valid" : true,
    "key" : "13-12-2017/lists/all/C-2144602P-SheerPantyhoseSlimBlackMedium",
    "key_in_category_list" : "13-12-2017/lists/household/C-2144602P-SheerPantyhoseSlimBlackMedium",
    "likes" : 0,
    "name" : "Sheer Pantyhose Slim Black Medium",
    "package_price" : "$4.00 per 1ea",
    "package_size" : "1 pack",
    "price" : 4.0,
    "source" : "Coles",
    "source_short" : "C",
    "stock_code" : "2144602P",
    "thumbnail_url" : "https://shop.coles.com.au//wcsstore/Coles-CAS/images/2/1/4/2144602.jpg",
    "was_price" : 8.8
  },
  "C-2144624P-SheerPantyhoseSlimBlackLarge" : {
    "brand" : "Bonds",
    "category" : "Clothing",
    "id" : "C-2144624P-SheerPantyhoseSlimBlackLarge",
    "is_valid" : true,
    "key" : "13-12-2017/lists/all/C-2144624P-SheerPantyhoseSlimBlackLarge",
    "key_in_category_list" : "13-12-2017/lists/household/C-2144624P-SheerPantyhoseSlimBlackLarge",
    "likes" : 0,
    "name" : "Sheer Pantyhose Slim Black Large",
    "package_price" : "$4.00 per 1ea",
    "package_size" : "1 pack",
    "price" : 4.0,
    "source" : "Coles",
    "source_short" : "C",
    "stock_code" : "2144624P",
    "thumbnail_url" : "https://shop.coles.com.au//wcsstore/Coles-CAS/images/2/1/4/2144624.jpg",
    "was_price" : 8.8
  },
  "C-2144737P-ComfyTopsSheerTightsBlackSmall" : {
    "brand" : "Bonds",
    "category" : "Clothing",
    "id" : "C-2144737P-ComfyTopsSheerTightsBlackSmall",
    "is_valid" : true,
    "key" : "13-12-2017/lists/all/C-2144737P-ComfyTopsSheerTightsBlackSmall",
    "key_in_category_list" : "13-12-2017/lists/household/C-2144737P-ComfyTopsSheerTightsBlackSmall",
    "likes" : 0,
    "name" : "Comfy Tops Sheer Tights Black Small",
    "package_price" : "$4.00 per 1ea",
    "package_size" : "1 pack",
    "price" : 4.0,
    "source" : "Coles",
    "source_short" : "C",
    "stock_code" : "2144737P",
    "thumbnail_url" : "https://shop.coles.com.au//wcsstore/Coles-CAS/images/2/1/4/2144737.jpg",
    "was_price" : 8.8
  },
  "C-2144748P-ComfyTopsSheerTightsBlackMedium" : {
    "brand" : "Bonds",
    "category" : "Clothing",
    "id" : "C-2144748P-ComfyTopsSheerTightsBlackMedium",
    "is_valid" : true,
    "key" : "13-12-2017/lists/all/C-2144748P-ComfyTopsSheerTightsBlackMedium",
    "key_in_category_list" : "13-12-2017/lists/household/C-2144748P-ComfyTopsSheerTightsBlackMedium",
    "likes" : 0,
    "name" : "Comfy Tops Sheer Tights Black Medium",
    "package_price" : "$4.00 per 1ea",
    "package_size" : "1 pack",
    "price" : 4.0,
    "source" : "Coles",
    "source_short" : "C",
    "stock_code" : "2144748P",
    "thumbnail_url" : "https://shop.coles.com.au//wcsstore/Coles-CAS/images/2/1/4/2144748.jpg",
    "was_price" : 8.8
  },
  "C-2144760P-ComfyTopsSheerTightsBlackLarge" : {
    "brand" : "Bonds",
    "category" : "Clothing",
    "id" : "C-2144760P-ComfyTopsSheerTightsBlackLarge",
    "is_valid" : true,
    "key" : "13-12-2017/lists/all/C-2144760P-ComfyTopsSheerTightsBlackLarge",
    "key_in_category_list" : "13-12-2017/lists/household/C-2144760P-ComfyTopsSheerTightsBlackLarge",
    "likes" : 0,
    "name" : "Comfy Tops Sheer Tights Black Large",
    "package_price" : "$4.00 per 1ea",
    "package_size" : "1 pack",
    "price" : 4.0,
    "source" : "Coles",
    "source_short" : "C",
    "stock_code" : "2144760P",
    "thumbnail_url" : "https://shop.coles.com.au//wcsstore/Coles-CAS/images/2/1/4/2144760.jpg",
    "was_price" : 8.8
  },
  "C-2145150P-OpaqueTightsKneeHiDenierNudesize" : {
    "brand" : "Bonds",
    "category" : "Clothing",
    "id" : "C-2145150P-OpaqueTightsKneeHiDenierNudesize",
    "is_valid" : true,
    "key" : "13-12-2017/lists/all/C-2145150P-OpaqueTightsKneeHiDenierNudesize",
    "key_in_category_list" : "13-12-2017/lists/household/C-2145150P-OpaqueTightsKneeHiDenierNudesize",
    "likes" : 0,
    "name" : "Opaque Tights Knee Hi 40 Denier Nude 1 size",
    "package_price" : "$2.50 per 1ea",
    "package_size" : "1 pack",
    "price" : 2.5,
    "source" : "Coles",
    "source_short" : "C",
    "stock_code" : "2145150P",
    "thumbnail_url" : "https://shop.coles.com.au//wcsstore/Coles-CAS/images/2/1/4/2145150.jpg",
    "was_price" : 5.5
  },
  "C-2145172P-ComfyTopsSemiOpaqueKneeHiDenierBlacksize" : {
    "brand" : "Bonds",
    "category" : "Clothing",
    "id" : "C-2145172P-ComfyTopsSemiOpaqueKneeHiDenierBlacksize",
    "is_valid" : true,
    "key" : "13-12-2017/lists/all/C-2145172P-ComfyTopsSemiOpaqueKneeHiDenierBlacksize",
    "key_in_category_list" : "13-12-2017/lists/household/C-2145172P-ComfyTopsSemiOpaqueKneeHiDenierBlacksize",
    "likes" : 0,
    "name" : "Comfy Tops Semi Opaque Knee Hi 40 Denier Black 1 size",
    "package_price" : "",
    "package_size" : "1 pack",
    "price" : 2.5,
    "source" : "Coles",
    "source_short" : "C",
    "stock_code" : "2145172P",
    "thumbnail_url" : "https://shop.coles.com.au//wcsstore/Coles-CAS/images/2/1/4/2145172.jpg",
    "was_price" : 5.5
  },
  "C-2213240P-KidsUltimateComfortLowCutSocksAssortedColourssize" : {
    "brand" : "Bonds",
    "category" : "Clothing",
    "id" : "C-2213240P-KidsUltimateComfortLowCutSocksAssortedColourssize",
    "is_valid" : true,
    "key" : "13-12-2017/lists/all/C-2213240P-KidsUltimateComfortLowCutSocksAssortedColourssize",
    "key_in_category_list" : "13-12-2017/lists/household/C-2213240P-KidsUltimateComfortLowCutSocksAssortedColourssize",
    "likes" : 0,
    "name" : "Kids Ultimate Comfort Low Cut Socks Assorted Colours size 13-3",
    "package_price" : "$5.50 per 2Ea",
    "package_size" : "2 pack",
    "price" : 5.5,
    "source" : "Coles",
    "source_short" : "C",
    "stock_code" : "2213240P",
    "thumbnail_url" : "https://shop.coles.com.au//wcsstore/Coles-CAS/images/2/2/1/2213240.jpg",
    "was_price" : 12.1
  },
  "C-2213250P-KidsUltimateComfortLowCutSocksAssortedColourssize" : {
    "brand" : "Bonds",
    "category" : "Clothing",
    "id" : "C-2213250P-KidsUltimateComfortLowCutSocksAssortedColourssize",
    "is_valid" : true,
    "key" : "13-12-2017/lists/all/C-2213250P-KidsUltimateComfortLowCutSocksAssortedColourssize",
    "key_in_category_list" : "13-12-2017/lists/household/C-2213250P-KidsUltimateComfortLowCutSocksAssortedColourssize",
    "likes" : 0,
    "name" : "Kids Ultimate Comfort Low Cut Socks Assorted Colours size 9-12",
    "package_price" : "$5.50 per 2Ea",
    "package_size" : "2 pack",
    "price" : 5.5,
    "source" : "Coles",
    "source_short" : "C",
    "stock_code" : "2213250P",
    "thumbnail_url" : "https://shop.coles.com.au//wcsstore/Coles-CAS/images/2/2/1/2213250.jpg",
    "was_price" : 12.1
  },
  "C-2257551P-MensActiveFitTrunkLarge" : {
    "brand" : "Bonds",
    "category" : "Clothing",
    "id" : "C-2257551P-MensActiveFitTrunkLarge",
    "is_valid" : true,
    "key" : "13-12-2017/lists/all/C-2257551P-MensActiveFitTrunkLarge",
    "key_in_category_list" : "13-12-2017/lists/household/C-2257551P-MensActiveFitTrunkLarge",
    "likes" : 0,
    "name" : "Mens Active Fit Trunk Large",
    "package_price" : "$11.00 per 1Ea",
    "package_size" : "1 pack",
    "price" : 11.0,
    "source" : "Coles",
    "source_short" : "C",
    "stock_code" : "2257551P",
    "thumbnail_url" : "https://shop.coles.com.au//wcsstore/Coles-CAS/images/2/2/5/2257551.jpg",
    "was_price" : 24.2
  },
  "C-2257562P-MensActiveFitTrunkMedium" : {
    "brand" : "Bonds",
    "category" : "Clothing",
    "id" : "C-2257562P-MensActiveFitTrunkMedium",
    "is_valid" : true,
    "key" : "13-12-2017/lists/all/C-2257562P-MensActiveFitTrunkMedium",
    "key_in_category_list" : "13-12-2017/lists/household/C-2257562P-MensActiveFitTrunkMedium",
    "likes" : 0,
    "name" : "Mens Active Fit Trunk Medium",
    "package_price" : "$11.00 per 1Ea",
    "package_size" : "1 pack",
    "price" : 11.0,
    "source" : "Coles",
    "source_short" : "C",
    "stock_code" : "2257562P",
    "thumbnail_url" : "https://shop.coles.com.au//wcsstore/Coles-CAS/images/2/2/5/2257562.jpg",
    "was_price" : 24.2
  },
  "C-2257573P-MensActiveFitTrunkXLarge" : {
    "brand" : "Bonds",
    "category" : "Clothing",
    "id" : "C-2257573P-MensActiveFitTrunkXLarge",
    "is_valid" : true,
    "key" : "13-12-2017/lists/all/C-2257573P-MensActiveFitTrunkXLarge",
    "key_in_category_list" : "13-12-2017/lists/household/C-2257573P-MensActiveFitTrunkXLarge",
    "likes" : 0,
    "name" : "Mens Active Fit Trunk XLarge",
    "package_price" : "$11.00 per 1Ea",
    "package_size" : "1 pack",
    "price" : 11.0,
    "source" : "Coles",
    "source_short" : "C",
    "stock_code" : "2257573P",
    "thumbnail_url" : "https://shop.coles.com.au//wcsstore/Coles-CAS/images/2/2/5/2257573.jpg",
    "was_price" : 24.2
  },
  "C-2359267P-BBQSauce" : {
    "brand" : "Fountain",
    "category" : "Pantry",
    "id" : "C-2359267P-BBQSauce",
    "is_valid" : true,
    "key" : "13-12-2017/lists/all/C-2359267P-BBQSauce",
    "key_in_category_list" : "13-12-2017/lists/pantry/C-2359267P-BBQSauce",
    "likes" : 0,
    "name" : "BBQ Sauce",
    "package_price" : "$0.15 per 100mL",
    "package_size" : "2L",
    "price" : 3.0,
    "source" : "Coles",
    "source_short" : "C",
    "stock_code" : "2359267P",
    "thumbnail_url" : "https://shop.coles.com.au//wcsstore/Coles-CAS/images/2/3/5/2359267.jpg",
    "was_price" : 6.6
  },
  "C-2367389P-VanillaBeanRicePuddingpack" : {
    "brand" : "Wicked Sister",
    "category" : "Dairy, Eggs & Meals",
    "id" : "C-2367389P-VanillaBeanRicePuddingpack",
    "is_valid" : true,
    "key" : "13-12-2017/lists/all/C-2367389P-VanillaBeanRicePuddingpack",
    "key_in_category_list" : "13-12-2017/lists/dairy/C-2367389P-VanillaBeanRicePuddingpack",
    "likes" : 5,
    "name" : "Vanilla Bean Rice Pudding 2 pack",
    "package_price" : "$0.59 per 100G",
    "package_size" : "340g",
    "price" : 1.99,
    "source" : "Coles",
    "source_short" : "C",
    "stock_code" : "2367389P",
    "thumbnail_url" : "https://shop.coles.com.au//wcsstore/Coles-CAS/images/2/3/6/2367389.jpg",
    "was_price" : 4.39
  },
  "C-2427185P-CherryRipeDoubleDipChocolateBar" : {
    "brand" : "Cadbury",
    "category" : "Pantry",
    "id" : "C-2427185P-CherryRipeDoubleDipChocolateBar",
    "is_valid" : true,
    "key" : "13-12-2017/lists/all/C-2427185P-CherryRipeDoubleDipChocolateBar",
    "key_in_category_list" : "13-12-2017/lists/pantry/C-2427185P-CherryRipeDoubleDipChocolateBar",
    "likes" : 1,
    "name" : "Cherry Ripe Double Dip Chocolate Bar",
    "package_price" : "$2.13 per 100G",
    "package_size" : "47g",
    "price" : 1.0,
    "source" : "Coles",
    "source_short" : "C",
    "stock_code" : "2427185P",
    "thumbnail_url" : "https://shop.coles.com.au//wcsstore/Coles-CAS/images/2/4/2/2427185.jpg",
    "was_price" : 2.2
  },
  "C-244264P-TunainOil" : {
    "brand" : "Sirena",
    "category" : "Pantry",
    "id" : "C-244264P-TunainOil",
    "is_valid" : true,
    "key" : "13-12-2017/lists/all/C-244264P-TunainOil",
    "key_in_category_list" : "13-12-2017/lists/pantry/C-244264P-TunainOil",
    "likes" : 2,
    "name" : "Tuna in Oil",
    "package_price" : "$10.81 per 1Kg",
    "package_size" : "185g",
    "price" : 2.0,
    "source" : "Coles",
    "source_short" : "C",
    "stock_code" : "244264P",
    "thumbnail_url" : "https://shop.coles.com.au//wcsstore/Coles-CAS/images/2/4/4/244264.jpg",
    "was_price" : 4.4
  },
  "C-2445314P-PeacefulNightsOdourlessMozzieZapper" : {
    "brand" : "Mortein",
    "category" : "Household",
    "id" : "C-2445314P-PeacefulNightsOdourlessMozzieZapper",
    "is_valid" : true,
    "key" : "13-12-2017/lists/all/C-2445314P-PeacefulNightsOdourlessMozzieZapper",
    "key_in_category_list" : "13-12-2017/lists/household/C-2445314P-PeacefulNightsOdourlessMozzieZapper",
    "likes" : 0,
    "name" : "Peaceful Nights Odourless Mozzie Zapper",
    "package_price" : "$10.00 per 1Ea",
    "package_size" : "2.57mL",
    "price" : 10.0,
    "source" : "Coles",
    "source_short" : "C",
    "stock_code" : "2445314P",
    "thumbnail_url" : "https://shop.coles.com.au//wcsstore/Coles-CAS/images/2/4/4/2445314.jpg",
    "was_price" : 22.0
  },
  "C-2462346P-AustralianPittedKalamataOlives" : {
    "brand" : "Sandhurst",
    "category" : "Pantry",
    "id" : "C-2462346P-AustralianPittedKalamataOlives",
    "is_valid" : true,
    "key" : "13-12-2017/lists/all/C-2462346P-AustralianPittedKalamataOlives",
    "key_in_category_list" : "13-12-2017/lists/pantry/C-2462346P-AustralianPittedKalamataOlives",
    "likes" : 1,
    "name" : "Australian Pitted Kalamata Olives",
    "package_price" : "$7.00 per 1Kg",
    "package_size" : "300g",
    "price" : 2.1,
    "source" : "Coles",
    "source_short" : "C",
    "stock_code" : "2462346P",
    "thumbnail_url" : "https://shop.coles.com.au//wcsstore/Coles-CAS/images/2/4/6/2462346.jpg",
    "was_price" : 4.62
  },
  "C-2477343P-SugarGlazedPfeffernusse" : {
    "brand" : "Lambertz",
    "category" : "Pantry",
    "id" : "C-2477343P-SugarGlazedPfeffernusse",
    "is_valid" : true,
    "key" : "13-12-2017/lists/all/C-2477343P-SugarGlazedPfeffernusse",
    "key_in_category_list" : "13-12-2017/lists/pantry/C-2477343P-SugarGlazedPfeffernusse",
    "likes" : 0,
    "name" : "Sugar Glazed Pfeffernusse",
    "package_price" : "$0.65 per 100G",
    "package_size" : "200g",
    "price" : 1.3,
    "source" : "Coles",
    "source_short" : "C",
    "stock_code" : "2477343P",
    "thumbnail_url" : "https://shop.coles.com.au//wcsstore/Coles-CAS/images/2/4/7/2477343.jpg",
    "was_price" : 2.86
  },
  "C-2500820P-VanillaProteinPowder" : {
    "brand" : "Muscle Milk",
    "category" : "Healthy Living",
    "id" : "C-2500820P-VanillaProteinPowder",
    "is_valid" : true,
    "key" : "13-12-2017/lists/all/C-2500820P-VanillaProteinPowder",
    "key_in_category_list" : "13-12-2017/lists/living/C-2500820P-VanillaProteinPowder",
    "likes" : 0,
    "name" : "Vanilla Protein Powder",
    "package_price" : "$3.09 per 100G",
    "package_size" : "486g",
    "price" : 15.0,
    "source" : "Coles",
    "source_short" : "C",
    "stock_code" : "2500820P",
    "thumbnail_url" : "https://shop.coles.com.au//wcsstore/Coles-CAS/images/2/5/0/2500820.jpg",
    "was_price" : 33.0
  },
  "C-2500831P-ChocolateProteinPowder" : {
    "brand" : "Muscle Milk",
    "category" : "Healthy Living",
    "id" : "C-2500831P-ChocolateProteinPowder",
    "is_valid" : true,
    "key" : "13-12-2017/lists/all/C-2500831P-ChocolateProteinPowder",
    "key_in_category_list" : "13-12-2017/lists/living/C-2500831P-ChocolateProteinPowder",
    "likes" : 5,
    "name" : "Chocolate Protein Powder",
    "package_price" : "$3.09 per 100G",
    "package_size" : "486g",
    "price" : 15.0,
    "source" : "Coles",
    "source_short" : "C",
    "stock_code" : "2500831P",
    "thumbnail_url" : "https://shop.coles.com.au//wcsstore/Coles-CAS/images/2/5/0/2500831.jpg",
    "was_price" : 33.0
  },
  "C-2503410P-TraditionalStrenghtAlfoil" : {
    "brand" : "Multix",
    "category" : "Household",
    "id" : "C-2503410P-TraditionalStrenghtAlfoil",
    "is_valid" : true,
    "key" : "13-12-2017/lists/all/C-2503410P-TraditionalStrenghtAlfoil",
    "key_in_category_list" : "13-12-2017/lists/household/C-2503410P-TraditionalStrenghtAlfoil",
    "likes" : 0,
    "name" : "Traditional Strenght Alfoil",
    "package_price" : "$0.08 per 1M",
    "package_size" : "60m",
    "price" : 4.97,
    "source" : "Coles",
    "source_short" : "C",
    "stock_code" : "2503410P",
    "thumbnail_url" : "https://shop.coles.com.au//wcsstore/Coles-CAS/images/2/5/0/2503410.jpg",
    "was_price" : 11.0
  },
  "C-2508550P-GingerPrawnDumplinggram" : {
    "brand" : "Mr Chen's",
    "category" : "Frozen",
    "id" : "C-2508550P-GingerPrawnDumplinggram",
    "is_valid" : true,
    "key" : "13-12-2017/lists/all/C-2508550P-GingerPrawnDumplinggram",
    "key_in_category_list" : "13-12-2017/lists/frozen/C-2508550P-GingerPrawnDumplinggram",
    "likes" : 3,
    "name" : "Ginger Prawn Dumpling 240gram",
    "package_price" : "$1.56 per 100G",
    "package_size" : "240g",
    "price" : 3.75,
    "source" : "Coles",
    "source_short" : "C",
    "stock_code" : "2508550P",
    "thumbnail_url" : "https://shop.coles.com.au//wcsstore/Coles-CAS/images/2/5/0/2508550.jpg",
    "was_price" : 8.25
  },
  "C-2509825P-CannedMackerelFilletsInOliveOil" : {
    "brand" : "Sole Mare",
    "category" : "Pantry",
    "id" : "C-2509825P-CannedMackerelFilletsInOliveOil",
    "is_valid" : true,
    "key" : "13-12-2017/lists/all/C-2509825P-CannedMackerelFilletsInOliveOil",
    "key_in_category_list" : "13-12-2017/lists/pantry/C-2509825P-CannedMackerelFilletsInOliveOil",
    "likes" : 0,
    "name" : "Canned Mackerel Fillets In Olive Oil",
    "package_price" : "$13.25 per 1Kg",
    "package_size" : "120g",
    "price" : 1.59,
    "source" : "Coles",
    "source_short" : "C",
    "stock_code" : "2509825P",
    "thumbnail_url" : "https://shop.coles.com.au//wcsstore/Coles-CAS/images/2/5/0/2509825.jpg",
    "was_price" : 3.51
  },
  "C-2509847P-CannedMackerelFilletsTuscnHerbOliveinOliveOil" : {
    "brand" : "Sole Mare",
    "category" : "Pantry",
    "id" : "C-2509847P-CannedMackerelFilletsTuscnHerbOliveinOliveOil",
    "is_valid" : true,
    "key" : "13-12-2017/lists/all/C-2509847P-CannedMackerelFilletsTuscnHerbOliveinOliveOil",
    "key_in_category_list" : "13-12-2017/lists/pantry/C-2509847P-CannedMackerelFilletsTuscnHerbOliveinOliveOil",
    "likes" : 1,
    "name" : "Canned Mackerel Fillets Tuscn Herb Olive in Olive Oil",
    "package_price" : "$13.25 per 1Kg",
    "package_size" : "120g",
    "price" : 1.59,
    "source" : "Coles",
    "source_short" : "C",
    "stock_code" : "2509847P",
    "thumbnail_url" : "https://shop.coles.com.au//wcsstore/Coles-CAS/images/2/5/0/2509847.jpg",
    "was_price" : 3.51
  },
  "C-2510245P-MexicanStyleTunawithBeans" : {
    "brand" : "Sirena",
    "category" : "Pantry",
    "id" : "C-2510245P-MexicanStyleTunawithBeans",
    "is_valid" : true,
    "key" : "13-12-2017/lists/all/C-2510245P-MexicanStyleTunawithBeans",
    "key_in_category_list" : "13-12-2017/lists/pantry/C-2510245P-MexicanStyleTunawithBeans",
    "likes" : 2,
    "name" : "Mexican Style Tuna with Beans",
    "package_price" : "$10.81 per 1Kg",
    "package_size" : "185g",
    "price" : 2.0,
    "source" : "Coles",
    "source_short" : "C",
    "stock_code" : "2510245P",
    "thumbnail_url" : "https://shop.coles.com.au//wcsstore/Coles-CAS/images/2/5/1/2510245.jpg",
    "was_price" : 4.4
  },
  "C-2511725P-PrepaidTempoWhite" : {
    "brand" : "Telstra",
    "category" : "Stationery & Media",
    "id" : "C-2511725P-PrepaidTempoWhite",
    "is_valid" : true,
    "key" : "13-12-2017/lists/all/C-2511725P-PrepaidTempoWhite",
    "key_in_category_list" : "13-12-2017/lists/stationery/C-2511725P-PrepaidTempoWhite",
    "likes" : 2,
    "name" : "Prepaid Tempo White",
    "package_price" : "$29.00 per 1ea",
    "package_size" : "1 each",
    "price" : 29.0,
    "source" : "Coles",
    "source_short" : "C",
    "stock_code" : "2511725P",
    "thumbnail_url" : "https://shop.coles.com.au//wcsstore/Coles-CAS/images/2/5/1/2511725.jpg",
    "was_price" : 69.0
  },
  "C-2597844P-AttackFrontTopLoaderLaundryPowder" : {
    "brand" : "Biozet",
    "category" : "Household",
    "id" : "C-2597844P-AttackFrontTopLoaderLaundryPowder",
    "is_valid" : true,
    "key" : "13-12-2017/lists/all/C-2597844P-AttackFrontTopLoaderLaundryPowder",
    "key_in_category_list" : "13-12-2017/lists/household/C-2597844P-AttackFrontTopLoaderLaundryPowder",
    "likes" : 0,
    "name" : "Attack Front & Top Loader Laundry Powder",
    "package_price" : "$5.50 per 1Kg",
    "package_size" : "1kg",
    "price" : 5.5,
    "source" : "Coles",
    "source_short" : "C",
    "stock_code" : "2597844P",
    "thumbnail_url" : "https://shop.coles.com.au//wcsstore/Coles-CAS/images/2/5/9/2597844.jpg",
    "was_price" : 12.1
  },
  "C-2612766P-BlackBeans" : {
    "brand" : "Edgell",
    "category" : "Pantry",
    "id" : "C-2612766P-BlackBeans",
    "is_valid" : true,
    "key" : "13-12-2017/lists/all/C-2612766P-BlackBeans",
    "key_in_category_list" : "13-12-2017/lists/pantry/C-2612766P-BlackBeans",
    "likes" : 1,
    "name" : "Black Beans",
    "package_price" : "$2.50 per 1Kg",
    "package_size" : "400g",
    "price" : 1.0,
    "source" : "Coles",
    "source_short" : "C",
    "stock_code" : "2612766P",
    "thumbnail_url" : "https://shop.coles.com.au//wcsstore/Coles-CAS/images/2/6/1/2612766.jpg",
    "was_price" : 2.15
  },
  "C-2612777P-BlackEyeBeans" : {
    "brand" : "Edgell",
    "category" : "Pantry",
    "id" : "C-2612777P-BlackEyeBeans",
    "is_valid" : true,
    "key" : "13-12-2017/lists/all/C-2612777P-BlackEyeBeans",
    "key_in_category_list" : "13-12-2017/lists/pantry/C-2612777P-BlackEyeBeans",
    "likes" : 1,
    "name" : "Black Eye Beans",
    "package_price" : "$2.50 per 1Kg",
    "package_size" : "400g",
    "price" : 1.0,
    "source" : "Coles",
    "source_short" : "C",
    "stock_code" : "2612777P",
    "thumbnail_url" : "https://shop.coles.com.au//wcsstore/Coles-CAS/images/2/6/1/2612777.jpg",
    "was_price" : 2.15
  },
  "C-2621938P-ProClinical" : {
    "brand" : "Colgate",
    "category" : "Health & Beauty",
    "id" : "C-2621938P-ProClinical",
    "is_valid" : true,
    "key" : "13-12-2017/lists/all/C-2621938P-ProClinical",
    "key_in_category_list" : "13-12-2017/lists/beauty/C-2621938P-ProClinical",
    "likes" : 0,
    "name" : "ProClinical 150",
    "package_price" : "$15.00 per 1Ea",
    "package_size" : "1 each",
    "price" : 15.0,
    "source" : "Coles",
    "source_short" : "C",
    "stock_code" : "2621938P",
    "thumbnail_url" : "https://shop.coles.com.au//wcsstore/Coles-CAS/images/2/6/2/2621938.jpg",
    "was_price" : 33.0
  },
  "C-2649234P-LesExclusives" : {
    "brand" : "Guylian",
    "category" : "Pantry",
    "id" : "C-2649234P-LesExclusives",
    "is_valid" : true,
    "key" : "13-12-2017/lists/all/C-2649234P-LesExclusives",
    "key_in_category_list" : "13-12-2017/lists/pantry/C-2649234P-LesExclusives",
    "likes" : 4,
    "name" : "Les Exclusives",
    "package_price" : "$2.95 per 100G",
    "package_size" : "305g",
    "price" : 9.0,
    "source" : "Coles",
    "source_short" : "C",
    "stock_code" : "2649234P",
    "thumbnail_url" : "https://shop.coles.com.au//wcsstore/Coles-CAS/images/2/6/4/2649234.jpg",
    "was_price" : 19.8
  },
  "C-2649256P-ClassicManDeodorantBodySpray" : {
    "brand" : "Beckham",
    "category" : "Health & Beauty",
    "id" : "C-2649256P-ClassicManDeodorantBodySpray",
    "is_valid" : true,
    "key" : "13-12-2017/lists/all/C-2649256P-ClassicManDeodorantBodySpray",
    "key_in_category_list" : "13-12-2017/lists/beauty/C-2649256P-ClassicManDeodorantBodySpray",
    "likes" : 0,
    "name" : "Classic Man Deodorant Body Spray",
    "package_price" : "$2.67 per 100mL",
    "package_size" : "150mL",
    "price" : 4.0,
    "source" : "Coles",
    "source_short" : "C",
    "stock_code" : "2649256P",
    "thumbnail_url" : "https://shop.coles.com.au//wcsstore/Coles-CAS/images/2/6/4/2649256.jpg",
    "was_price" : 8.8
  },
  "C-2649267P-InstinctDeodorantBodySpray" : {
    "brand" : "Beckham",
    "category" : "Health & Beauty",
    "id" : "C-2649267P-InstinctDeodorantBodySpray",
    "is_valid" : true,
    "key" : "13-12-2017/lists/all/C-2649267P-InstinctDeodorantBodySpray",
    "key_in_category_list" : "13-12-2017/lists/beauty/C-2649267P-InstinctDeodorantBodySpray",
    "likes" : 0,
    "name" : "Instinct Deodorant Body Spray",
    "package_price" : "$2.67 per 100mL",
    "package_size" : "150mL",
    "price" : 4.0,
    "source" : "Coles",
    "source_short" : "C",
    "stock_code" : "2649267P",
    "thumbnail_url" : "https://shop.coles.com.au//wcsstore/Coles-CAS/images/2/6/4/2649267.jpg",
    "was_price" : 8.8
  },
  "C-2649278P-IntimatelyDeodorantBodySpray" : {
    "brand" : "Beckham",
    "category" : "Health & Beauty",
    "id" : "C-2649278P-IntimatelyDeodorantBodySpray",
    "is_valid" : true,
    "key" : "13-12-2017/lists/all/C-2649278P-IntimatelyDeodorantBodySpray",
    "key_in_category_list" : "13-12-2017/lists/beauty/C-2649278P-IntimatelyDeodorantBodySpray",
    "likes" : 0,
    "name" : "Intimately Deodorant Body Spray",
    "package_price" : "$2.67 per 100mL",
    "package_size" : "150mL",
    "price" : 4.0,
    "source" : "Coles",
    "source_short" : "C",
    "stock_code" : "2649278P",
    "thumbnail_url" : "https://shop.coles.com.au//wcsstore/Coles-CAS/images/2/6/4/2649278.jpg",
    "was_price" : 8.8
  },
  "C-2649336P-WildMBodySpray" : {
    "brand" : "Playboy",
    "category" : "Health & Beauty",
    "id" : "C-2649336P-WildMBodySpray",
    "is_valid" : true,
    "key" : "13-12-2017/lists/all/C-2649336P-WildMBodySpray",
    "key_in_category_list" : "13-12-2017/lists/beauty/C-2649336P-WildMBodySpray",
    "likes" : 1,
    "name" : "Wild M Body Spray",
    "package_price" : "$1.93 per 100mL",
    "package_size" : "150mL",
    "price" : 2.9,
    "source" : "Coles",
    "source_short" : "C",
    "stock_code" : "2649336P",
    "thumbnail_url" : "https://shop.coles.com.au//wcsstore/Coles-CAS/images/2/6/4/2649336.jpg",
    "was_price" : 6.38
  },
  "C-2655973P-DairyMilkOreoChocolateBar" : {
    "brand" : "Cadbury",
    "category" : "Pantry",
    "id" : "C-2655973P-DairyMilkOreoChocolateBar",
    "is_valid" : true,
    "key" : "13-12-2017/lists/all/C-2655973P-DairyMilkOreoChocolateBar",
    "key_in_category_list" : "13-12-2017/lists/pantry/C-2655973P-DairyMilkOreoChocolateBar",
    "likes" : 0,
    "name" : "Dairy Milk Oreo Chocolate Bar",
    "package_price" : "$2.22 per 100G",
    "package_size" : "45g",
    "price" : 1.0,
    "source" : "Coles",
    "source_short" : "C",
    "stock_code" : "2655973P",
    "thumbnail_url" : "https://shop.coles.com.au//wcsstore/Coles-CAS/images/2/6/5/2655973.jpg",
    "was_price" : 2.2
  },
  "C-2677874P-MagicRetouchBlack" : {
    "brand" : "L'Oreal",
    "category" : "Health & Beauty",
    "id" : "C-2677874P-MagicRetouchBlack",
    "is_valid" : true,
    "key" : "13-12-2017/lists/all/C-2677874P-MagicRetouchBlack",
    "key_in_category_list" : "13-12-2017/lists/beauty/C-2677874P-MagicRetouchBlack",
    "likes" : 0,
    "name" : "Magic Retouch Black",
    "package_price" : "$10.63 per 100mL",
    "package_size" : "75mL",
    "price" : 7.97,
    "source" : "Coles",
    "source_short" : "C",
    "stock_code" : "2677874P",
    "thumbnail_url" : "https://shop.coles.com.au//wcsstore/Coles-CAS/images/2/6/7/2677874.jpg",
    "was_price" : 17.55
  },
  "C-2677896P-MagicRetouchBrown" : {
    "brand" : "L'Oreal",
    "category" : "Health & Beauty",
    "id" : "C-2677896P-MagicRetouchBrown",
    "is_valid" : true,
    "key" : "13-12-2017/lists/all/C-2677896P-MagicRetouchBrown",
    "key_in_category_list" : "13-12-2017/lists/beauty/C-2677896P-MagicRetouchBrown",
    "likes" : 1,
    "name" : "Magic Retouch Brown",
    "package_price" : "$10.63 per 100mL",
    "package_size" : "75mL",
    "price" : 7.97,
    "source" : "Coles",
    "source_short" : "C",
    "stock_code" : "2677896P",
    "thumbnail_url" : "https://shop.coles.com.au//wcsstore/Coles-CAS/images/2/6/7/2677896.jpg",
    "was_price" : 17.55
  },
  "C-2677896P-MagicRetouchDarkBrown" : {
    "brand" : "L'Oreal",
    "category" : "Health & Beauty",
    "id" : "C-2677896P-MagicRetouchDarkBrown",
    "is_valid" : true,
    "key" : "13-12-2017/lists/all/C-2677896P-MagicRetouchDarkBrown",
    "key_in_category_list" : "13-12-2017/lists/beauty/C-2677896P-MagicRetouchDarkBrown",
    "likes" : 0,
    "name" : "Magic Retouch Dark Brown",
    "package_price" : "$10.63 per 100mL",
    "package_size" : "75mL",
    "price" : 7.97,
    "source" : "Coles",
    "source_short" : "C",
    "stock_code" : "2677896P",
    "thumbnail_url" : "https://shop.coles.com.au//wcsstore/Coles-CAS/images/2/6/7/2677896.jpg",
    "was_price" : 17.55
  },
  "C-2677900P-MagicRetouchLightBlonde" : {
    "brand" : "LO'real",
    "category" : "Health & Beauty",
    "id" : "C-2677900P-MagicRetouchLightBlonde",
    "is_valid" : true,
    "key" : "13-12-2017/lists/all/C-2677900P-MagicRetouchLightBlonde",
    "key_in_category_list" : "13-12-2017/lists/beauty/C-2677900P-MagicRetouchLightBlonde",
    "likes" : 0,
    "name" : "Magic Retouch Light Blonde",
    "package_price" : "$10.63 per 100mL",
    "package_size" : "75mL",
    "price" : 7.97,
    "source" : "Coles",
    "source_short" : "C",
    "stock_code" : "2677900P",
    "thumbnail_url" : "https://shop.coles.com.au//wcsstore/Coles-CAS/images/2/6/7/2677900.jpg",
    "was_price" : 17.55
  },
  "C-2677900P-MagicRetouchLightBrown" : {
    "brand" : "LO'real",
    "category" : "Health & Beauty",
    "id" : "C-2677900P-MagicRetouchLightBrown",
    "is_valid" : true,
    "key" : "13-12-2017/lists/all/C-2677900P-MagicRetouchLightBrown",
    "key_in_category_list" : "13-12-2017/lists/beauty/C-2677900P-MagicRetouchLightBrown",
    "likes" : 0,
    "name" : "Magic Retouch Light Brown",
    "package_price" : "$10.63 per 100mL",
    "package_size" : "75mL",
    "price" : 7.97,
    "source" : "Coles",
    "source_short" : "C",
    "stock_code" : "2677900P",
    "thumbnail_url" : "https://shop.coles.com.au//wcsstore/Coles-CAS/images/2/6/7/2677900.jpg",
    "was_price" : 17.55
  },
  "C-2677921P-LightBrownMagicRetouchInstantRootConcealerSpray" : {
    "brand" : "L'Oreal",
    "category" : "Health & Beauty",
    "id" : "C-2677921P-LightBrownMagicRetouchInstantRootConcealerSpray",
    "is_valid" : true,
    "key" : "13-12-2017/lists/all/C-2677921P-LightBrownMagicRetouchInstantRootConcealerSpray",
    "key_in_category_list" : "13-12-2017/lists/beauty/C-2677921P-LightBrownMagicRetouchInstantRootConcealerSpray",
    "likes" : 0,
    "name" : "Light Brown Magic Retouch Instant Root Concealer Spray",
    "package_price" : "$10.63 per 100mL",
    "package_size" : "75mL",
    "price" : 7.97,
    "source" : "Coles",
    "source_short" : "C",
    "stock_code" : "2677921P",
    "thumbnail_url" : "https://shop.coles.com.au//wcsstore/Coles-CAS/images/2/6/7/2677921.jpg",
    "was_price" : 17.55
  },
  "C-2677943P-MagicRetouchBlonde" : {
    "brand" : "L'Oreal",
    "category" : "Health & Beauty",
    "id" : "C-2677943P-MagicRetouchBlonde",
    "is_valid" : true,
    "key" : "13-12-2017/lists/all/C-2677943P-MagicRetouchBlonde",
    "key_in_category_list" : "13-12-2017/lists/beauty/C-2677943P-MagicRetouchBlonde",
    "likes" : 1,
    "name" : "Magic Retouch Blonde",
    "package_price" : "$10.63 per 100mL",
    "package_size" : "75mL",
    "price" : 7.97,
    "source" : "Coles",
    "source_short" : "C",
    "stock_code" : "2677943P",
    "thumbnail_url" : "https://shop.coles.com.au//wcsstore/Coles-CAS/images/2/6/7/2677943.jpg",
    "was_price" : 17.55
  },
  "C-2693189P-ExtraVirginAllRounderOliveOil" : {
    "brand" : "Squeaky Gate Australia",
    "category" : "Pantry",
    "id" : "C-2693189P-ExtraVirginAllRounderOliveOil",
    "is_valid" : true,
    "key" : "13-12-2017/lists/all/C-2693189P-ExtraVirginAllRounderOliveOil",
    "key_in_category_list" : "13-12-2017/lists/pantry/C-2693189P-ExtraVirginAllRounderOliveOil",
    "likes" : 1,
    "name" : "Extra Virgin All Rounder Olive Oil",
    "package_price" : "$1.07 per 100mL",
    "package_size" : "375mL",
    "price" : 4.0,
    "source" : "Coles",
    "source_short" : "C",
    "stock_code" : "2693189P",
    "thumbnail_url" : "https://shop.coles.com.au//wcsstore/Coles-CAS/images/2/6/9/2693189.jpg",
    "was_price" : 8.8
  },
  "C-2693190P-TheUnsungHeroAustralianExtraVirginOliveOil" : {
    "brand" : "Squeaky Gate",
    "category" : "Pantry",
    "id" : "C-2693190P-TheUnsungHeroAustralianExtraVirginOliveOil",
    "is_valid" : true,
    "key" : "13-12-2017/lists/all/C-2693190P-TheUnsungHeroAustralianExtraVirginOliveOil",
    "key_in_category_list" : "13-12-2017/lists/pantry/C-2693190P-TheUnsungHeroAustralianExtraVirginOliveOil",
    "likes" : 0,
    "name" : "The Unsung Hero Australian Extra Virgin Olive Oil",
    "package_price" : "$1.07 per 100mL",
    "package_size" : "375mL",
    "price" : 4.0,
    "source" : "Coles",
    "source_short" : "C",
    "stock_code" : "2693190P",
    "thumbnail_url" : "https://shop.coles.com.au//wcsstore/Coles-CAS/images/2/6/9/2693190.jpg",
    "was_price" : 8.8
  },
  "C-2693203P-OilLifeSoul" : {
    "brand" : "Squeaky Gate",
    "category" : "Pantry",
    "id" : "C-2693203P-OilLifeSoul",
    "is_valid" : true,
    "key" : "13-12-2017/lists/all/C-2693203P-OilLifeSoul",
    "key_in_category_list" : "13-12-2017/lists/pantry/C-2693203P-OilLifeSoul",
    "likes" : 0,
    "name" : "Oil Life & Soul",
    "package_price" : "$1.07 per 100mL",
    "package_size" : "375mL",
    "price" : 4.0,
    "source" : "Coles",
    "source_short" : "C",
    "stock_code" : "2693203P",
    "thumbnail_url" : "https://shop.coles.com.au//wcsstore/Coles-CAS/images/2/6/9/2693203.jpg",
    "was_price" : 8.8
  },
  "C-2693258P-ElFrutalExtraVirginOliveOil" : {
    "brand" : "Moro",
    "category" : "Pantry",
    "id" : "C-2693258P-ElFrutalExtraVirginOliveOil",
    "is_valid" : true,
    "key" : "13-12-2017/lists/all/C-2693258P-ElFrutalExtraVirginOliveOil",
    "key_in_category_list" : "13-12-2017/lists/pantry/C-2693258P-ElFrutalExtraVirginOliveOil",
    "likes" : 0,
    "name" : "El Frutal Extra Virgin Olive Oil",
    "package_price" : "$0.76 per 100mL",
    "package_size" : "1L",
    "price" : 7.57,
    "source" : "Coles",
    "source_short" : "C",
    "stock_code" : "2693258P",
    "thumbnail_url" : "https://shop.coles.com.au//wcsstore/Coles-CAS/images/2/6/9/2693258.jpg",
    "was_price" : 16.67
  },
  "C-2716070P-FrozenStickyBourbonWings" : {
    "brand" : "SFC",
    "category" : "Frozen",
    "id" : "C-2716070P-FrozenStickyBourbonWings",
    "is_valid" : true,
    "key" : "13-12-2017/lists/all/C-2716070P-FrozenStickyBourbonWings",
    "key_in_category_list" : "13-12-2017/lists/frozen/C-2716070P-FrozenStickyBourbonWings",
    "likes" : 0,
    "name" : "Frozen Sticky Bourbon Wings",
    "package_price" : "$13.75 per 1Kg",
    "package_size" : "400g",
    "price" : 5.5,
    "source" : "Coles",
    "source_short" : "C",
    "stock_code" : "2716070P",
    "thumbnail_url" : "https://shop.coles.com.au//wcsstore/Coles-CAS/images/2/7/1/2716070.jpg",
    "was_price" : 12.1
  },
  "C-2731481P-PowerActiveLemonToiletCleaner" : {
    "brand" : "Bref",
    "category" : "Household",
    "id" : "C-2731481P-PowerActiveLemonToiletCleaner",
    "is_valid" : true,
    "key" : "13-12-2017/lists/all/C-2731481P-PowerActiveLemonToiletCleaner",
    "key_in_category_list" : "13-12-2017/lists/household/C-2731481P-PowerActiveLemonToiletCleaner",
    "likes" : 0,
    "name" : "Power Active Lemon Toilet Cleaner",
    "package_price" : "$5.00 per 100G",
    "package_size" : "50g",
    "price" : 2.5,
    "source" : "Coles",
    "source_short" : "C",
    "stock_code" : "2731481P",
    "thumbnail_url" : "https://shop.coles.com.au//wcsstore/Coles-CAS/images/2/7/3/2731481.jpg",
    "was_price" : 5.5
  },
  "C-2731492P-PowerActiveFreshFlowers" : {
    "brand" : "Bref",
    "category" : "Household",
    "id" : "C-2731492P-PowerActiveFreshFlowers",
    "is_valid" : true,
    "key" : "13-12-2017/lists/all/C-2731492P-PowerActiveFreshFlowers",
    "key_in_category_list" : "13-12-2017/lists/household/C-2731492P-PowerActiveFreshFlowers",
    "likes" : 3,
    "name" : "Power Active Fresh Flowers",
    "package_price" : "$5.00 per 100G",
    "package_size" : "50g",
    "price" : 2.5,
    "source" : "Coles",
    "source_short" : "C",
    "stock_code" : "2731492P",
    "thumbnail_url" : "https://shop.coles.com.au//wcsstore/Coles-CAS/images/2/7/3/2731492.jpg",
    "was_price" : 5.5
  },
  "C-2731550P-DuoActiveLimeMintToiletCleaner" : {
    "brand" : "Bref",
    "category" : "Household",
    "id" : "C-2731550P-DuoActiveLimeMintToiletCleaner",
    "is_valid" : true,
    "key" : "13-12-2017/lists/all/C-2731550P-DuoActiveLimeMintToiletCleaner",
    "key_in_category_list" : "13-12-2017/lists/household/C-2731550P-DuoActiveLimeMintToiletCleaner",
    "likes" : 0,
    "name" : "Duo Active Lime & Mint Toilet Cleaner",
    "package_price" : "$5.00 per 100mL",
    "package_size" : "50mL",
    "price" : 2.5,
    "source" : "Coles",
    "source_short" : "C",
    "stock_code" : "2731550P",
    "thumbnail_url" : "https://shop.coles.com.au//wcsstore/Coles-CAS/images/2/7/3/2731550.jpg",
    "was_price" : 5.5
  },
  "C-2731572P-DuoActiveGrapefruitToiletCleaner" : {
    "brand" : "Bref",
    "category" : "Household",
    "id" : "C-2731572P-DuoActiveGrapefruitToiletCleaner",
    "is_valid" : true,
    "key" : "13-12-2017/lists/all/C-2731572P-DuoActiveGrapefruitToiletCleaner",
    "key_in_category_list" : "13-12-2017/lists/household/C-2731572P-DuoActiveGrapefruitToiletCleaner",
    "likes" : 1,
    "name" : "Duo Active Grapefruit Toilet Cleaner",
    "package_price" : "$5.00 per 100mL",
    "package_size" : "50mL",
    "price" : 2.5,
    "source" : "Coles",
    "source_short" : "C",
    "stock_code" : "2731572P",
    "thumbnail_url" : "https://shop.coles.com.au//wcsstore/Coles-CAS/images/2/7/3/2731572.jpg",
    "was_price" : 5.5
  },
  "C-2731630P-DuoCubesinFormulaCisternBlockToiletCleanerpack" : {
    "brand" : "Bref",
    "category" : "Household",
    "id" : "C-2731630P-DuoCubesinFormulaCisternBlockToiletCleanerpack",
    "is_valid" : true,
    "key" : "13-12-2017/lists/all/C-2731630P-DuoCubesinFormulaCisternBlockToiletCleanerpack",
    "key_in_category_list" : "13-12-2017/lists/household/C-2731630P-DuoCubesinFormulaCisternBlockToiletCleanerpack",
    "likes" : 0,
    "name" : "Duo Cubes 2 in 1 Formula Cistern Block Toilet Cleaner 2 pack",
    "package_price" : "$2.50 per 100G",
    "package_size" : "100g",
    "price" : 2.5,
    "source" : "Coles",
    "source_short" : "C",
    "stock_code" : "2731630P",
    "thumbnail_url" : "https://shop.coles.com.au//wcsstore/Coles-CAS/images/2/7/3/2731630.jpg",
    "was_price" : 5.5
  },
  "C-2758728P-PowercleanEucalyptusToiletCleanerGel" : {
    "brand" : "White King",
    "category" : "Household",
    "id" : "C-2758728P-PowercleanEucalyptusToiletCleanerGel",
    "is_valid" : true,
    "key" : "13-12-2017/lists/all/C-2758728P-PowercleanEucalyptusToiletCleanerGel",
    "key_in_category_list" : "13-12-2017/lists/household/C-2758728P-PowercleanEucalyptusToiletCleanerGel",
    "likes" : 21,
    "name" : "Powerclean Eucalyptus Toilet Cleaner Gel",
    "package_price" : "$0.31 per 100mL",
    "package_size" : "700mL",
    "price" : 2.2,
    "source" : "Coles",
    "source_short" : "C",
    "stock_code" : "2758728P",
    "thumbnail_url" : "https://shop.coles.com.au//wcsstore/Coles-CAS/images/2/7/5/2758728.jpg",
    "was_price" : 4.84
  },
  "C-2777937P-SweetChilliSauce" : {
    "brand" : "Fountain",
    "category" : "International Foods",
    "id" : "C-2777937P-SweetChilliSauce",
    "is_valid" : true,
    "key" : "13-12-2017/lists/all/C-2777937P-SweetChilliSauce",
    "key_in_category_list" : "13-12-2017/lists/international_foods/C-2777937P-SweetChilliSauce",
    "likes" : 0,
    "name" : "Sweet Chilli Sauce",
    "package_price" : "$0.15 per 100mL",
    "package_size" : "2L",
    "price" : 3.0,
    "source" : "Coles",
    "source_short" : "C",
    "stock_code" : "2777937P",
    "thumbnail_url" : "https://shop.coles.com.au//wcsstore/Coles-CAS/images/2/7/7/2777937.jpg",
    "was_price" : 6.6
  },
  "C-2797683P-DiamondDates" : {
    "brand" : "Queens",
    "category" : "International Foods",
    "id" : "C-2797683P-DiamondDates",
    "is_valid" : true,
    "key" : "13-12-2017/lists/all/C-2797683P-DiamondDates",
    "key_in_category_list" : "13-12-2017/lists/international_foods/C-2797683P-DiamondDates",
    "likes" : 5,
    "name" : "Diamond Dates",
    "package_price" : "$4.00 per 1Kg",
    "package_size" : "250g",
    "price" : 1.0,
    "source" : "Coles",
    "source_short" : "C",
    "stock_code" : "2797683P",
    "thumbnail_url" : "https://shop.coles.com.au//wcsstore/Coles-CAS/images/2/7/9/2797683.jpg",
    "was_price" : 2.42
  },
  "C-280097P-PineappleOrangeFruitDrink" : {
    "brand" : "Golden Circle",
    "category" : "Drinks",
    "id" : "C-280097P-PineappleOrangeFruitDrink",
    "is_valid" : true,
    "key" : "13-12-2017/lists/all/C-280097P-PineappleOrangeFruitDrink",
    "key_in_category_list" : "13-12-2017/lists/drinks/C-280097P-PineappleOrangeFruitDrink",
    "likes" : 1,
    "name" : "Pineapple & Orange Fruit Drink",
    "package_price" : "$1.23 per 1L",
    "package_size" : "1L",
    "price" : 1.23,
    "source" : "Coles",
    "source_short" : "C",
    "stock_code" : "280097P",
    "thumbnail_url" : "https://shop.coles.com.au//wcsstore/Coles-CAS/images/2/8/0/280097.jpg",
    "was_price" : 2.53
  },
  "C-2802943P-OrganixCarrotStix" : {
    "brand" : "Goodies",
    "category" : "Healthy Living",
    "id" : "C-2802943P-OrganixCarrotStix",
    "is_valid" : true,
    "key" : "13-12-2017/lists/all/C-2802943P-OrganixCarrotStix",
    "key_in_category_list" : "13-12-2017/lists/living/C-2802943P-OrganixCarrotStix",
    "likes" : 2,
    "name" : "Organix Carrot Stix",
    "package_price" : "$3.33 per 100G",
    "package_size" : "15g",
    "price" : 0.5,
    "source" : "Coles",
    "source_short" : "C",
    "stock_code" : "2802943P",
    "thumbnail_url" : "https://shop.coles.com.au//wcsstore/Coles-CAS/images/2/8/0/2802943.jpg",
    "was_price" : 2.0
  },
  "C-2818342P-CraftedBlendsRedBerriesBar" : {
    "brand" : "Freedom Foods",
    "category" : "Pantry",
    "id" : "C-2818342P-CraftedBlendsRedBerriesBar",
    "is_valid" : true,
    "key" : "13-12-2017/lists/all/C-2818342P-CraftedBlendsRedBerriesBar",
    "key_in_category_list" : "13-12-2017/lists/pantry/C-2818342P-CraftedBlendsRedBerriesBar",
    "likes" : 0,
    "name" : "Crafted Blends Red Berries Bar",
    "package_price" : "$4.46 per 100G",
    "package_size" : "28g",
    "price" : 1.25,
    "source" : "Coles",
    "source_short" : "C",
    "stock_code" : "2818342P",
    "thumbnail_url" : "https://shop.coles.com.au//wcsstore/Coles-CAS/images/2/8/1/2818342.jpg",
    "was_price" : 2.75
  },
  "C-2819094P-CraftedBlendsBarDarkBerriesCacao" : {
    "brand" : "Freedom Foods",
    "category" : "Pantry",
    "id" : "C-2819094P-CraftedBlendsBarDarkBerriesCacao",
    "is_valid" : true,
    "key" : "13-12-2017/lists/all/C-2819094P-CraftedBlendsBarDarkBerriesCacao",
    "key_in_category_list" : "13-12-2017/lists/pantry/C-2819094P-CraftedBlendsBarDarkBerriesCacao",
    "likes" : 0,
    "name" : "Crafted Blends Bar Dark Berries & Cacao",
    "package_price" : "$4.46 per 100G",
    "package_size" : "28g",
    "price" : 1.25,
    "source" : "Coles",
    "source_short" : "C",
    "stock_code" : "2819094P",
    "thumbnail_url" : "https://shop.coles.com.au//wcsstore/Coles-CAS/images/2/8/1/2819094.jpg",
    "was_price" : 2.75
  },
  "C-2820344P-SmallBreedDogTreat" : {
    "brand" : "Vitapet Dental",
    "category" : "Pet",
    "id" : "C-2820344P-SmallBreedDogTreat",
    "is_valid" : true,
    "key" : "13-12-2017/lists/all/C-2820344P-SmallBreedDogTreat",
    "key_in_category_list" : "13-12-2017/lists/pet/C-2820344P-SmallBreedDogTreat",
    "likes" : 0,
    "name" : "Small Breed Dog Treat",
    "package_price" : "$0.39 per 1Ea",
    "package_size" : "7 pack",
    "price" : 2.75,
    "source" : "Coles",
    "source_short" : "C",
    "stock_code" : "2820344P",
    "thumbnail_url" : "https://shop.coles.com.au//wcsstore/Coles-CAS/images/2/8/2/2820344.jpg",
    "was_price" : 6.05
  },
  "C-2820355P-LargeBreedDogTreat" : {
    "brand" : "Vitapet Dental",
    "category" : "Pet",
    "id" : "C-2820355P-LargeBreedDogTreat",
    "is_valid" : true,
    "key" : "13-12-2017/lists/all/C-2820355P-LargeBreedDogTreat",
    "key_in_category_list" : "13-12-2017/lists/pet/C-2820355P-LargeBreedDogTreat",
    "likes" : 0,
    "name" : "Large Breed Dog Treat",
    "package_price" : "$0.43 per 1Ea",
    "package_size" : "7 pack",
    "price" : 3.0,
    "source" : "Coles",
    "source_short" : "C",
    "stock_code" : "2820355P",
    "thumbnail_url" : "https://shop.coles.com.au//wcsstore/Coles-CAS/images/2/8/2/2820355.jpg",
    "was_price" : 6.6
  },
  "C-2820366P-MediumBreedDogTreat" : {
    "brand" : "Vitapet Dental",
    "category" : "Pet",
    "id" : "C-2820366P-MediumBreedDogTreat",
    "is_valid" : true,
    "key" : "13-12-2017/lists/all/C-2820366P-MediumBreedDogTreat",
    "key_in_category_list" : "13-12-2017/lists/pet/C-2820366P-MediumBreedDogTreat",
    "likes" : 1,
    "name" : "Medium Breed Dog Treat",
    "package_price" : "$0.41 per 1Ea",
    "package_size" : "7 pack",
    "price" : 2.9,
    "source" : "Coles",
    "source_short" : "C",
    "stock_code" : "2820366P",
    "thumbnail_url" : "https://shop.coles.com.au//wcsstore/Coles-CAS/images/2/8/2/2820366.jpg",
    "was_price" : 6.38
  },
  "C-2823502P-PowderFrontTop" : {
    "brand" : "Cold Power Laundry",
    "category" : "Household",
    "id" : "C-2823502P-PowderFrontTop",
    "is_valid" : true,
    "key" : "13-12-2017/lists/all/C-2823502P-PowderFrontTop",
    "key_in_category_list" : "13-12-2017/lists/household/C-2823502P-PowderFrontTop",
    "likes" : 6,
    "name" : "Powder Front & Top",
    "package_price" : "$4.13 per 1Kg",
    "package_size" : "2kg",
    "price" : 8.25,
    "source" : "Coles",
    "source_short" : "C",
    "stock_code" : "2823502P",
    "thumbnail_url" : "https://shop.coles.com.au//wcsstore/Coles-CAS/images/2/8/2/2823502.jpg",
    "was_price" : 18.15
  },
  "C-2823546P-SensitiveFrontTop" : {
    "brand" : "Cold Power Laundry Powder",
    "category" : "Household",
    "id" : "C-2823546P-SensitiveFrontTop",
    "is_valid" : true,
    "key" : "13-12-2017/lists/all/C-2823546P-SensitiveFrontTop",
    "key_in_category_list" : "13-12-2017/lists/household/C-2823546P-SensitiveFrontTop",
    "likes" : 0,
    "name" : "Sensitive Front & Top",
    "package_price" : "$4.13 per 1Kg",
    "package_size" : "2kg",
    "price" : 8.25,
    "source" : "Coles",
    "source_short" : "C",
    "stock_code" : "2823546P",
    "thumbnail_url" : "https://shop.coles.com.au//wcsstore/Coles-CAS/images/2/8/2/2823546.jpg",
    "was_price" : 18.15
  },
  "C-2823557P-LiquidFrontTop" : {
    "brand" : "Cold Power Laundry",
    "category" : "Household",
    "id" : "C-2823557P-LiquidFrontTop",
    "is_valid" : true,
    "key" : "13-12-2017/lists/all/C-2823557P-LiquidFrontTop",
    "key_in_category_list" : "13-12-2017/lists/household/C-2823557P-LiquidFrontTop",
    "likes" : 0,
    "name" : "Liquid Front & Top",
    "package_price" : "$4.13 per 1L",
    "package_size" : "2L",
    "price" : 8.25,
    "source" : "Coles",
    "source_short" : "C",
    "stock_code" : "2823557P",
    "thumbnail_url" : "https://shop.coles.com.au//wcsstore/Coles-CAS/images/2/8/2/2823557.jpg",
    "was_price" : 18.15
  },
  "C-2823568P-SensitiveFrontTop" : {
    "brand" : "Cold Power Laundry Liquid",
    "category" : "Household",
    "id" : "C-2823568P-SensitiveFrontTop",
    "is_valid" : true,
    "key" : "13-12-2017/lists/all/C-2823568P-SensitiveFrontTop",
    "key_in_category_list" : "13-12-2017/lists/household/C-2823568P-SensitiveFrontTop",
    "likes" : 0,
    "name" : "Sensitive Front & Top",
    "package_price" : "$4.13 per 1L",
    "package_size" : "2L",
    "price" : 8.25,
    "source" : "Coles",
    "source_short" : "C",
    "stock_code" : "2823568P",
    "thumbnail_url" : "https://shop.coles.com.au//wcsstore/Coles-CAS/images/2/8/2/2823568.jpg",
    "was_price" : 18.15
  },
  "C-2823580P-LemonFrontTop" : {
    "brand" : "Cold Power Laundry Liquid",
    "category" : "Household",
    "id" : "C-2823580P-LemonFrontTop",
    "is_valid" : true,
    "key" : "13-12-2017/lists/all/C-2823580P-LemonFrontTop",
    "key_in_category_list" : "13-12-2017/lists/household/C-2823580P-LemonFrontTop",
    "likes" : 0,
    "name" : "Lemon Front & Top",
    "package_price" : "$4.13 per 1L",
    "package_size" : "2L",
    "price" : 8.25,
    "source" : "Coles",
    "source_short" : "C",
    "stock_code" : "2823580P",
    "thumbnail_url" : "https://shop.coles.com.au//wcsstore/Coles-CAS/images/2/8/2/2823580.jpg",
    "was_price" : 18.15
  },
  "C-2823739P-LiquidCapsules" : {
    "brand" : "Cold Power Laundry",
    "category" : "Household",
    "id" : "C-2823739P-LiquidCapsules",
    "is_valid" : true,
    "key" : "13-12-2017/lists/all/C-2823739P-LiquidCapsules",
    "key_in_category_list" : "13-12-2017/lists/household/C-2823739P-LiquidCapsules",
    "likes" : 0,
    "name" : "Liquid Capsules",
    "package_price" : "$0.33 per 1Ea",
    "package_size" : "18 pack",
    "price" : 6.0,
    "source" : "Coles",
    "source_short" : "C",
    "stock_code" : "2823739P",
    "thumbnail_url" : "https://shop.coles.com.au//wcsstore/Coles-CAS/images/2/8/2/2823739.jpg",
    "was_price" : 13.2
  },
  "C-2823740P-SensitiveCapsules" : {
    "brand" : "Cold Power Laundry Liquid",
    "category" : "Household",
    "id" : "C-2823740P-SensitiveCapsules",
    "is_valid" : true,
    "key" : "13-12-2017/lists/all/C-2823740P-SensitiveCapsules",
    "key_in_category_list" : "13-12-2017/lists/household/C-2823740P-SensitiveCapsules",
    "likes" : 0,
    "name" : "Sensitive Capsules",
    "package_price" : "$0.33 per 1Ea",
    "package_size" : "18 pack",
    "price" : 6.0,
    "source" : "Coles",
    "source_short" : "C",
    "stock_code" : "2823740P",
    "thumbnail_url" : "https://shop.coles.com.au//wcsstore/Coles-CAS/images/2/8/2/2823740.jpg",
    "was_price" : 13.2
  },
  "C-283754P-LegHam" : {
    "brand" : "Plumrose",
    "category" : "Pantry",
    "id" : "C-283754P-LegHam",
    "is_valid" : true,
    "key" : "13-12-2017/lists/all/C-283754P-LegHam",
    "key_in_category_list" : "13-12-2017/lists/pantry/C-283754P-LegHam",
    "likes" : 4,
    "name" : "Leg Ham",
    "package_price" : "$10.21 per 1Kg",
    "package_size" : "340g",
    "price" : 3.47,
    "source" : "Coles",
    "source_short" : "C",
    "stock_code" : "283754P",
    "thumbnail_url" : "https://shop.coles.com.au//wcsstore/Coles-CAS/images/2/8/3/283754.jpg",
    "was_price" : 7.65
  },
  "C-2850378P-SqueezTomatoSauceBonusPack" : {
    "brand" : "Fountain",
    "category" : "Pantry",
    "id" : "C-2850378P-SqueezTomatoSauceBonusPack",
    "is_valid" : true,
    "key" : "13-12-2017/lists/all/C-2850378P-SqueezTomatoSauceBonusPack",
    "key_in_category_list" : "13-12-2017/lists/pantry/C-2850378P-SqueezTomatoSauceBonusPack",
    "likes" : 0,
    "name" : "Squeez Tomato Sauce Bonus Pack",
    "package_price" : "$0.13 per 100mL",
    "package_size" : "750mL",
    "price" : 1.0,
    "source" : "Coles",
    "source_short" : "C",
    "stock_code" : "2850378P",
    "thumbnail_url" : "https://shop.coles.com.au//wcsstore/Coles-CAS/images/2/8/5/2850378.jpg",
    "was_price" : 2.75
  },
  "C-2861239P-FaceHeadTrimmingKit" : {
    "brand" : "Braun",
    "category" : "Health & Beauty",
    "id" : "C-2861239P-FaceHeadTrimmingKit",
    "is_valid" : true,
    "key" : "13-12-2017/lists/all/C-2861239P-FaceHeadTrimmingKit",
    "key_in_category_list" : "13-12-2017/lists/beauty/C-2861239P-FaceHeadTrimmingKit",
    "likes" : 1,
    "name" : "Face & Head Trimming Kit",
    "package_price" : "$34.95 per 1Ea",
    "package_size" : "1 pack",
    "price" : 34.95,
    "source" : "Coles",
    "source_short" : "C",
    "stock_code" : "2861239P",
    "thumbnail_url" : "https://shop.coles.com.au//wcsstore/Coles-CAS/images/2/8/6/2861239.jpg",
    "was_price" : 76.89
  },
  "C-2865105P-ChocolateTwirlOrange" : {
    "brand" : "Cadbury",
    "category" : "Pantry",
    "id" : "C-2865105P-ChocolateTwirlOrange",
    "is_valid" : true,
    "key" : "13-12-2017/lists/all/C-2865105P-ChocolateTwirlOrange",
    "key_in_category_list" : "13-12-2017/lists/pantry/C-2865105P-ChocolateTwirlOrange",
    "likes" : 0,
    "name" : "Chocolate Twirl Orange",
    "package_price" : "$2.56 per 100G",
    "package_size" : "39g",
    "price" : 1.0,
    "source" : "Coles",
    "source_short" : "C",
    "stock_code" : "2865105P",
    "thumbnail_url" : "https://shop.coles.com.au//wcsstore/Coles-CAS/images/2/8/6/2865105.jpg",
    "was_price" : 2.2
  },
  "C-2869489P-HighStrengthOrganicSpirulinaTablets" : {
    "brand" : "Swisse",
    "category" : "Healthy Living",
    "id" : "C-2869489P-HighStrengthOrganicSpirulinaTablets",
    "is_valid" : true,
    "key" : "13-12-2017/lists/all/C-2869489P-HighStrengthOrganicSpirulinaTablets",
    "key_in_category_list" : "13-12-2017/lists/living/C-2869489P-HighStrengthOrganicSpirulinaTablets",
    "likes" : 1,
    "name" : "High Strength Organic Spirulina Tablets",
    "package_price" : "$14.40 per 100Ea",
    "package_size" : "200 pack",
    "price" : 28.8,
    "source" : "Coles",
    "source_short" : "C",
    "stock_code" : "2869489P",
    "thumbnail_url" : "https://shop.coles.com.au//wcsstore/Coles-CAS/images/2/8/6/2869489.jpg",
    "was_price" : 76.93
  },
  "C-2871913P-TwistiesCheesePartyBag" : {
    "brand" : "Smith?s",
    "category" : "Pantry",
    "id" : "C-2871913P-TwistiesCheesePartyBag",
    "is_valid" : true,
    "key" : "13-12-2017/lists/all/C-2871913P-TwistiesCheesePartyBag",
    "key_in_category_list" : "13-12-2017/lists/pantry/C-2871913P-TwistiesCheesePartyBag",
    "likes" : 8,
    "name" : "Twisties Cheese Party Bag",
    "package_price" : "$0.74 per 100G",
    "package_size" : "270g",
    "price" : 2.0,
    "source" : "Coles",
    "source_short" : "C",
    "stock_code" : "2871913P",
    "thumbnail_url" : "https://shop.coles.com.au//wcsstore/Coles-CAS/images/2/8/7/2871913.jpg",
    "was_price" : 4.4
  },
  "C-2871924P-TwistiesPeriPeriPartyBag" : {
    "brand" : "Party bag",
    "category" : "Pantry",
    "id" : "C-2871924P-TwistiesPeriPeriPartyBag",
    "is_valid" : true,
    "key" : "13-12-2017/lists/all/C-2871924P-TwistiesPeriPeriPartyBag",
    "key_in_category_list" : "13-12-2017/lists/pantry/C-2871924P-TwistiesPeriPeriPartyBag",
    "likes" : 3,
    "name" : "Twisties Peri Peri Party Bag",
    "package_price" : "$0.74 per 100G",
    "package_size" : "270g",
    "price" : 2.0,
    "source" : "Coles",
    "source_short" : "C",
    "stock_code" : "2871924P",
    "thumbnail_url" : "https://shop.coles.com.au//wcsstore/Coles-CAS/images/2/8/7/2871924.jpg",
    "was_price" : 4.4
  },
  "C-2871980P-CheetosCheeseBaconBallsPartyBag" : {
    "brand" : "Smith?s",
    "category" : "Pantry",
    "id" : "C-2871980P-CheetosCheeseBaconBallsPartyBag",
    "is_valid" : true,
    "key" : "13-12-2017/lists/all/C-2871980P-CheetosCheeseBaconBallsPartyBag",
    "key_in_category_list" : "13-12-2017/lists/pantry/C-2871980P-CheetosCheeseBaconBallsPartyBag",
    "likes" : 6,
    "name" : "Cheetos Cheese & Bacon Balls Party Bag",
    "package_price" : "$1.05 per 100G",
    "package_size" : "190g",
    "price" : 2.0,
    "source" : "Coles",
    "source_short" : "C",
    "stock_code" : "2871980P",
    "thumbnail_url" : "https://shop.coles.com.au//wcsstore/Coles-CAS/images/2/8/7/2871980.jpg",
    "was_price" : 4.4
  },
  "C-2872144P-PepsiMaxVanillamLCans" : {
    "brand" : "Schweppes",
    "category" : "Christmas",
    "id" : "C-2872144P-PepsiMaxVanillamLCans",
    "is_valid" : true,
    "key" : "13-12-2017/lists/all/C-2872144P-PepsiMaxVanillamLCans",
    "key_in_category_list" : "13-12-2017/lists/christmas/C-2872144P-PepsiMaxVanillamLCans",
    "likes" : 0,
    "name" : "Pepsi Max Vanilla 375mL Cans",
    "package_price" : "$1.32 per 1L",
    "package_size" : "24 pack",
    "price" : 11.85,
    "source" : "Coles",
    "source_short" : "C",
    "stock_code" : "2872144P",
    "thumbnail_url" : "https://shop.coles.com.au//wcsstore/Coles-CAS/images/2/8/7/2872144.jpg",
    "was_price" : 26.73
  },
  "C-2873078P-SourCreamChives" : {
    "brand" : "Grainwaves Chips",
    "category" : "Christmas",
    "id" : "C-2873078P-SourCreamChives",
    "is_valid" : true,
    "key" : "13-12-2017/lists/all/C-2873078P-SourCreamChives",
    "key_in_category_list" : "13-12-2017/lists/christmas/C-2873078P-SourCreamChives",
    "likes" : 0,
    "name" : "Sour Cream & Chives",
    "package_price" : "$0.95 per 100G",
    "package_size" : "210g",
    "price" : 2.0,
    "source" : "Coles",
    "source_short" : "C",
    "stock_code" : "2873078P",
    "thumbnail_url" : "https://shop.coles.com.au//wcsstore/Coles-CAS/images/2/8/7/2873078.jpg",
    "was_price" : 4.4
  },
  "C-2873089P-SweetChilli" : {
    "brand" : "Grainwaves Chips",
    "category" : "Christmas",
    "id" : "C-2873089P-SweetChilli",
    "is_valid" : true,
    "key" : "13-12-2017/lists/all/C-2873089P-SweetChilli",
    "key_in_category_list" : "13-12-2017/lists/christmas/C-2873089P-SweetChilli",
    "likes" : 0,
    "name" : "Sweet Chilli",
    "package_price" : "$0.95 per 100G",
    "package_size" : "210g",
    "price" : 2.0,
    "source" : "Coles",
    "source_short" : "C",
    "stock_code" : "2873089P",
    "thumbnail_url" : "https://shop.coles.com.au//wcsstore/Coles-CAS/images/2/8/7/2873089.jpg",
    "was_price" : 4.4
  },
  "C-2873090P-CheddarChips" : {
    "brand" : "Grain Waves",
    "category" : "Pantry",
    "id" : "C-2873090P-CheddarChips",
    "is_valid" : true,
    "key" : "13-12-2017/lists/all/C-2873090P-CheddarChips",
    "key_in_category_list" : "13-12-2017/lists/pantry/C-2873090P-CheddarChips",
    "likes" : 0,
    "name" : "Cheddar Chips",
    "package_price" : "$0.95 per 100G",
    "package_size" : "210g",
    "price" : 2.0,
    "source" : "Coles",
    "source_short" : "C",
    "stock_code" : "2873090P",
    "thumbnail_url" : "https://shop.coles.com.au//wcsstore/Coles-CAS/images/2/8/7/2873090.jpg",
    "was_price" : 4.4
  },
  "C-2873090P-GrainWavesPlusBeetroot" : {
    "brand" : "Sunbites",
    "category" : "Pantry",
    "id" : "C-2873090P-GrainWavesPlusBeetroot",
    "is_valid" : true,
    "key" : "13-12-2017/lists/all/C-2873090P-GrainWavesPlusBeetroot",
    "key_in_category_list" : "13-12-2017/lists/pantry/C-2873090P-GrainWavesPlusBeetroot",
    "likes" : 0,
    "name" : "Grain Waves Plus Beetroot",
    "package_price" : "$0.95 per 100G",
    "package_size" : "210g",
    "price" : 2.0,
    "source" : "Coles",
    "source_short" : "C",
    "stock_code" : "2873090P",
    "thumbnail_url" : "https://shop.coles.com.au//wcsstore/Coles-CAS/images/2/8/7/2873090.jpg",
    "was_price" : 4.4
  },
  "C-2896561P-AttackFrontTopLoaderLaundryLiquid" : {
    "brand" : "Biozet",
    "category" : "Household",
    "id" : "C-2896561P-AttackFrontTopLoaderLaundryLiquid",
    "is_valid" : true,
    "key" : "13-12-2017/lists/all/C-2896561P-AttackFrontTopLoaderLaundryLiquid",
    "key_in_category_list" : "13-12-2017/lists/household/C-2896561P-AttackFrontTopLoaderLaundryLiquid",
    "likes" : 0,
    "name" : "Attack Front & Top Loader Laundry Liquid",
    "package_price" : "$5.50 per 1L",
    "package_size" : "1L",
    "price" : 5.5,
    "source" : "Coles",
    "source_short" : "C",
    "stock_code" : "2896561P",
    "thumbnail_url" : "https://shop.coles.com.au//wcsstore/Coles-CAS/images/2/8/9/2896561.jpg",
    "was_price" : 12.1
  },
  "C-2897804P-PizzaQuinoaBites" : {
    "brand" : "Messy Monkeys",
    "category" : "Pantry",
    "id" : "C-2897804P-PizzaQuinoaBites",
    "is_valid" : true,
    "key" : "13-12-2017/lists/all/C-2897804P-PizzaQuinoaBites",
    "key_in_category_list" : "13-12-2017/lists/pantry/C-2897804P-PizzaQuinoaBites",
    "likes" : 1,
    "name" : "Pizza Quinoa Bites",
    "package_price" : "$2.19 per 100G",
    "package_size" : "160g",
    "price" : 3.5,
    "source" : "Coles",
    "source_short" : "C",
    "stock_code" : "2897804P",
    "thumbnail_url" : "https://shop.coles.com.au//wcsstore/Coles-CAS/images/2/8/9/2897804.jpg",
    "was_price" : 7.7
  },
  "C-2897815P-WholeGrainBitesBurgerFlavour" : {
    "brand" : "Messy Monkeys",
    "category" : "Pantry",
    "id" : "C-2897815P-WholeGrainBitesBurgerFlavour",
    "is_valid" : true,
    "key" : "13-12-2017/lists/all/C-2897815P-WholeGrainBitesBurgerFlavour",
    "key_in_category_list" : "13-12-2017/lists/pantry/C-2897815P-WholeGrainBitesBurgerFlavour",
    "likes" : 0,
    "name" : "Whole Grain Bites Burger Flavour",
    "package_price" : "$2.19 per 100G",
    "package_size" : "160g",
    "price" : 3.5,
    "source" : "Coles",
    "source_short" : "C",
    "stock_code" : "2897815P",
    "thumbnail_url" : "https://shop.coles.com.au//wcsstore/Coles-CAS/images/2/8/9/2897815.jpg",
    "was_price" : 7.7
  },
  "C-2897826P-WholeGrainBitesCheeseFlavour" : {
    "brand" : "Messy Monkeys",
    "category" : "Pantry",
    "id" : "C-2897826P-WholeGrainBitesCheeseFlavour",
    "is_valid" : true,
    "key" : "13-12-2017/lists/all/C-2897826P-WholeGrainBitesCheeseFlavour",
    "key_in_category_list" : "13-12-2017/lists/pantry/C-2897826P-WholeGrainBitesCheeseFlavour",
    "likes" : 0,
    "name" : "Whole Grain Bites Cheese Flavour",
    "package_price" : "$2.19 per 100G",
    "package_size" : "160g",
    "price" : 3.5,
    "source" : "Coles",
    "source_short" : "C",
    "stock_code" : "2897826P",
    "thumbnail_url" : "https://shop.coles.com.au//wcsstore/Coles-CAS/images/2/8/9/2897826.jpg",
    "was_price" : 7.7
  },
  "C-2898192P-CoffeeHazelnutBar" : {
    "brand" : "Peg Chia",
    "category" : "Pantry",
    "id" : "C-2898192P-CoffeeHazelnutBar",
    "is_valid" : true,
    "key" : "13-12-2017/lists/all/C-2898192P-CoffeeHazelnutBar",
    "key_in_category_list" : "13-12-2017/lists/pantry/C-2898192P-CoffeeHazelnutBar",
    "likes" : 0,
    "name" : "Coffee & Hazelnut Bar",
    "package_price" : "$3.75 per 100G",
    "package_size" : "40g",
    "price" : 1.5,
    "source" : "Coles",
    "source_short" : "C",
    "stock_code" : "2898192P",
    "thumbnail_url" : "https://shop.coles.com.au//wcsstore/Coles-CAS/images/2/8/9/2898192.jpg",
    "was_price" : 3.3
  },
  "C-2898217P-GojiBerrymacadamiaBar" : {
    "brand" : "Peg Chia",
    "category" : "Pantry",
    "id" : "C-2898217P-GojiBerrymacadamiaBar",
    "is_valid" : true,
    "key" : "13-12-2017/lists/all/C-2898217P-GojiBerrymacadamiaBar",
    "key_in_category_list" : "13-12-2017/lists/pantry/C-2898217P-GojiBerrymacadamiaBar",
    "likes" : 5,
    "name" : "Goji Berry & macadamia Bar",
    "package_price" : "$3.75 per 100G",
    "package_size" : "40g",
    "price" : 1.5,
    "source" : "Coles",
    "source_short" : "C",
    "stock_code" : "2898217P",
    "thumbnail_url" : "https://shop.coles.com.au//wcsstore/Coles-CAS/images/2/8/9/2898217.jpg",
    "was_price" : 3.3
  },
  "C-2898228P-ChiaHealthBarAcaiPomegranate" : {
    "brand" : "Peg",
    "category" : "Pantry",
    "id" : "C-2898228P-ChiaHealthBarAcaiPomegranate",
    "is_valid" : true,
    "key" : "13-12-2017/lists/all/C-2898228P-ChiaHealthBarAcaiPomegranate",
    "key_in_category_list" : "13-12-2017/lists/pantry/C-2898228P-ChiaHealthBarAcaiPomegranate",
    "likes" : 0,
    "name" : "Chia Health Bar Acai & Pomegranate",
    "package_price" : "$3.75 per 100G",
    "package_size" : "40g",
    "price" : 1.5,
    "source" : "Coles",
    "source_short" : "C",
    "stock_code" : "2898228P",
    "thumbnail_url" : "https://shop.coles.com.au//wcsstore/Coles-CAS/images/2/8/9/2898228.jpg",
    "was_price" : 3.3
  },
  "C-2900909P-ParisMagicRetouchAuburn" : {
    "brand" : "L'Oreal",
    "category" : "Health & Beauty",
    "id" : "C-2900909P-ParisMagicRetouchAuburn",
    "is_valid" : true,
    "key" : "13-12-2017/lists/all/C-2900909P-ParisMagicRetouchAuburn",
    "key_in_category_list" : "13-12-2017/lists/beauty/C-2900909P-ParisMagicRetouchAuburn",
    "likes" : 0,
    "name" : "Paris Magic Retouch Auburn",
    "package_price" : "$10.63 per 100mL",
    "package_size" : "75mL",
    "price" : 7.97,
    "source" : "Coles",
    "source_short" : "C",
    "stock_code" : "2900909P",
    "thumbnail_url" : "https://shop.coles.com.au//wcsstore/Coles-CAS/images/2/9/0/2900909.jpg",
    "was_price" : 17.55
  },
  "C-2900975P-ParisColoristaWashoutPeachHairColour" : {
    "brand" : "L'Oreal",
    "category" : "Health & Beauty",
    "id" : "C-2900975P-ParisColoristaWashoutPeachHairColour",
    "is_valid" : true,
    "key" : "13-12-2017/lists/all/C-2900975P-ParisColoristaWashoutPeachHairColour",
    "key_in_category_list" : "13-12-2017/lists/beauty/C-2900975P-ParisColoristaWashoutPeachHairColour",
    "likes" : 0,
    "name" : "Paris Colorista Washout Peach Hair Colour",
    "package_price" : "$8.20 per 1Ea",
    "package_size" : "1 pack",
    "price" : 8.2,
    "source" : "Coles",
    "source_short" : "C",
    "stock_code" : "2900975P",
    "thumbnail_url" : "https://shop.coles.com.au//wcsstore/Coles-CAS/images/2/9/0/2900975.jpg",
    "was_price" : 18.1
  },
  "C-2900997P-ColoristaWashoutPinkHairColour" : {
    "brand" : "L'Oreal",
    "category" : "Health & Beauty",
    "id" : "C-2900997P-ColoristaWashoutPinkHairColour",
    "is_valid" : true,
    "key" : "13-12-2017/lists/all/C-2900997P-ColoristaWashoutPinkHairColour",
    "key_in_category_list" : "13-12-2017/lists/beauty/C-2900997P-ColoristaWashoutPinkHairColour",
    "likes" : 0,
    "name" : "Colorista Washout Pink Hair Colour",
    "package_price" : "$8.20 per 1Ea",
    "package_size" : "1 pack",
    "price" : 8.2,
    "source" : "Coles",
    "source_short" : "C",
    "stock_code" : "2900997P",
    "thumbnail_url" : "https://shop.coles.com.au//wcsstore/Coles-CAS/images/2/9/0/2900997.jpg",
    "was_price" : 18.1
  },
  "C-2901005P-ColoristaWashoutDirtyPinkHairColour" : {
    "brand" : "L'Oreal",
    "category" : "Health & Beauty",
    "id" : "C-2901005P-ColoristaWashoutDirtyPinkHairColour",
    "is_valid" : true,
    "key" : "13-12-2017/lists/all/C-2901005P-ColoristaWashoutDirtyPinkHairColour",
    "key_in_category_list" : "13-12-2017/lists/beauty/C-2901005P-ColoristaWashoutDirtyPinkHairColour",
    "likes" : 0,
    "name" : "Colorista Washout Dirty Pink Hair Colour",
    "package_price" : "$8.20 per 1Ea",
    "package_size" : "1 pack",
    "price" : 8.2,
    "source" : "Coles",
    "source_short" : "C",
    "stock_code" : "2901005P",
    "thumbnail_url" : "https://shop.coles.com.au//wcsstore/Coles-CAS/images/2/9/0/2901005.jpg",
    "was_price" : 18.1
  },
  "C-2901016P-ColoristaWashoutLilacHairColour" : {
    "brand" : "L'Oreal",
    "category" : "Health & Beauty",
    "id" : "C-2901016P-ColoristaWashoutLilacHairColour",
    "is_valid" : true,
    "key" : "13-12-2017/lists/all/C-2901016P-ColoristaWashoutLilacHairColour",
    "key_in_category_list" : "13-12-2017/lists/beauty/C-2901016P-ColoristaWashoutLilacHairColour",
    "likes" : 0,
    "name" : "Colorista Washout Lilac Hair Colour",
    "package_price" : "$8.20 per 1Ea",
    "package_size" : "1 pack",
    "price" : 8.2,
    "source" : "Coles",
    "source_short" : "C",
    "stock_code" : "2901016P",
    "thumbnail_url" : "https://shop.coles.com.au//wcsstore/Coles-CAS/images/2/9/0/2901016.jpg",
    "was_price" : 18.1
  },
  "C-2901027P-ColoristaWashOutPurplePermanentHairColour" : {
    "brand" : "L'Oreal",
    "category" : "Health & Beauty",
    "id" : "C-2901027P-ColoristaWashOutPurplePermanentHairColour",
    "is_valid" : true,
    "key" : "13-12-2017/lists/all/C-2901027P-ColoristaWashOutPurplePermanentHairColour",
    "key_in_category_list" : "13-12-2017/lists/beauty/C-2901027P-ColoristaWashOutPurplePermanentHairColour",
    "likes" : 3,
    "name" : "Colorista Wash Out Purple Permanent Hair Colour",
    "package_price" : "$8.20 per 1Ea",
    "package_size" : "1 pack",
    "price" : 8.2,
    "source" : "Coles",
    "source_short" : "C",
    "stock_code" : "2901027P",
    "thumbnail_url" : "https://shop.coles.com.au//wcsstore/Coles-CAS/images/2/9/0/2901027.jpg",
    "was_price" : 18.1
  },
  "C-2901038P-ColoristaWashoutBlueHairColour" : {
    "brand" : "L'Oreal",
    "category" : "Health & Beauty",
    "id" : "C-2901038P-ColoristaWashoutBlueHairColour",
    "is_valid" : true,
    "key" : "13-12-2017/lists/all/C-2901038P-ColoristaWashoutBlueHairColour",
    "key_in_category_list" : "13-12-2017/lists/beauty/C-2901038P-ColoristaWashoutBlueHairColour",
    "likes" : 0,
    "name" : "Colorista Washout Blue Hair Colour",
    "package_price" : "$8.20 per 1Ea",
    "package_size" : "1 pack",
    "price" : 8.2,
    "source" : "Coles",
    "source_short" : "C",
    "stock_code" : "2901038P",
    "thumbnail_url" : "https://shop.coles.com.au//wcsstore/Coles-CAS/images/2/9/0/2901038.jpg",
    "was_price" : 18.1
  },
  "C-2901050P-ColoristaWashoutAquaHairColour" : {
    "brand" : "L'Oreal",
    "category" : "Health & Beauty",
    "id" : "C-2901050P-ColoristaWashoutAquaHairColour",
    "is_valid" : true,
    "key" : "13-12-2017/lists/all/C-2901050P-ColoristaWashoutAquaHairColour",
    "key_in_category_list" : "13-12-2017/lists/beauty/C-2901050P-ColoristaWashoutAquaHairColour",
    "likes" : 0,
    "name" : "Colorista Washout Aqua Hair Colour",
    "package_price" : "$8.20 per 1Ea",
    "package_size" : "1 pack",
    "price" : 8.2,
    "source" : "Coles",
    "source_short" : "C",
    "stock_code" : "2901050P",
    "thumbnail_url" : "https://shop.coles.com.au//wcsstore/Coles-CAS/images/2/9/0/2901050.jpg",
    "was_price" : 18.1
  },
  "C-2901071P-ColoristaWashoutTurquoiseHairColour" : {
    "brand" : "L'Oreal",
    "category" : "Health & Beauty",
    "id" : "C-2901071P-ColoristaWashoutTurquoiseHairColour",
    "is_valid" : true,
    "key" : "13-12-2017/lists/all/C-2901071P-ColoristaWashoutTurquoiseHairColour",
    "key_in_category_list" : "13-12-2017/lists/beauty/C-2901071P-ColoristaWashoutTurquoiseHairColour",
    "likes" : 0,
    "name" : "Colorista Washout Turquoise Hair Colour",
    "package_price" : "$8.20 per 1Ea",
    "package_size" : "1 pack",
    "price" : 8.2,
    "source" : "Coles",
    "source_short" : "C",
    "stock_code" : "2901071P",
    "thumbnail_url" : "https://shop.coles.com.au//wcsstore/Coles-CAS/images/2/9/0/2901071.jpg",
    "was_price" : 18.1
  },
  "C-2901140P-ColoristaWashoutRedHairColour" : {
    "brand" : "L'Oreal",
    "category" : "Health & Beauty",
    "id" : "C-2901140P-ColoristaWashoutRedHairColour",
    "is_valid" : true,
    "key" : "13-12-2017/lists/all/C-2901140P-ColoristaWashoutRedHairColour",
    "key_in_category_list" : "13-12-2017/lists/beauty/C-2901140P-ColoristaWashoutRedHairColour",
    "likes" : 0,
    "name" : "Colorista Washout Red Hair Colour",
    "package_price" : "$8.20 per 1Ea",
    "package_size" : "1 pack",
    "price" : 8.2,
    "source" : "Coles",
    "source_short" : "C",
    "stock_code" : "2901140P",
    "thumbnail_url" : "https://shop.coles.com.au//wcsstore/Coles-CAS/images/2/9/0/2901140.jpg",
    "was_price" : 18.1
  },
  "C-2901151P-ColoristaWashoutOrangeHairColour" : {
    "brand" : "L'Oreal",
    "category" : "Health & Beauty",
    "id" : "C-2901151P-ColoristaWashoutOrangeHairColour",
    "is_valid" : true,
    "key" : "13-12-2017/lists/all/C-2901151P-ColoristaWashoutOrangeHairColour",
    "key_in_category_list" : "13-12-2017/lists/beauty/C-2901151P-ColoristaWashoutOrangeHairColour",
    "likes" : 0,
    "name" : "Colorista Washout Orange Hair Colour",
    "package_price" : "$8.20 per 1Ea",
    "package_size" : "1 pack",
    "price" : 8.2,
    "source" : "Coles",
    "source_short" : "C",
    "stock_code" : "2901151P",
    "thumbnail_url" : "https://shop.coles.com.au//wcsstore/Coles-CAS/images/2/9/0/2901151.jpg",
    "was_price" : 18.1
  },
  "C-2901220P-ColoristaWashOutIndigoPermanentHairColor" : {
    "brand" : "L'Oreal",
    "category" : "Health & Beauty",
    "id" : "C-2901220P-ColoristaWashOutIndigoPermanentHairColor",
    "is_valid" : true,
    "key" : "13-12-2017/lists/all/C-2901220P-ColoristaWashOutIndigoPermanentHairColor",
    "key_in_category_list" : "13-12-2017/lists/beauty/C-2901220P-ColoristaWashOutIndigoPermanentHairColor",
    "likes" : 0,
    "name" : "Colorista Wash Out Indigo Permanent Hair Color",
    "package_price" : "$8.20 per 1Ea",
    "package_size" : "1 pack",
    "price" : 8.2,
    "source" : "Coles",
    "source_short" : "C",
    "stock_code" : "2901220P",
    "thumbnail_url" : "https://shop.coles.com.au//wcsstore/Coles-CAS/images/2/9/0/2901220.jpg",
    "was_price" : 18.1
  },
  "C-2901275P-ColoristaPaintRoseBlondePermanentHairColour" : {
    "brand" : "L'Oreal",
    "category" : "Health & Beauty",
    "id" : "C-2901275P-ColoristaPaintRoseBlondePermanentHairColour",
    "is_valid" : true,
    "key" : "13-12-2017/lists/all/C-2901275P-ColoristaPaintRoseBlondePermanentHairColour",
    "key_in_category_list" : "13-12-2017/lists/beauty/C-2901275P-ColoristaPaintRoseBlondePermanentHairColour",
    "likes" : 0,
    "name" : "Colorista Paint Rose Blonde Permanent Hair Colour",
    "package_price" : "$9.47 per 1Ea",
    "package_size" : "1 pack",
    "price" : 9.47,
    "source" : "Coles",
    "source_short" : "C",
    "stock_code" : "2901275P",
    "thumbnail_url" : "https://shop.coles.com.au//wcsstore/Coles-CAS/images/2/9/0/2901275.jpg",
    "was_price" : 20.85
  },
  "C-2901311P-ColoristaPaintBlueBlackPermanentHairColour" : {
    "brand" : "L'Oreal",
    "category" : "Health & Beauty",
    "id" : "C-2901311P-ColoristaPaintBlueBlackPermanentHairColour",
    "is_valid" : true,
    "key" : "13-12-2017/lists/all/C-2901311P-ColoristaPaintBlueBlackPermanentHairColour",
    "key_in_category_list" : "13-12-2017/lists/beauty/C-2901311P-ColoristaPaintBlueBlackPermanentHairColour",
    "likes" : 0,
    "name" : "Colorista Paint Blue Black Permanent Hair Colour",
    "package_price" : "$9.47 per 1Ea",
    "package_size" : "1 pack",
    "price" : 9.47,
    "source" : "Coles",
    "source_short" : "C",
    "stock_code" : "2901311P",
    "thumbnail_url" : "https://shop.coles.com.au//wcsstore/Coles-CAS/images/2/9/0/2901311.jpg",
    "was_price" : 20.85
  },
  "C-2901402P-ColoristaVioletPermanentHairColor" : {
    "brand" : "L'Oreal",
    "category" : "Health & Beauty",
    "id" : "C-2901402P-ColoristaVioletPermanentHairColor",
    "is_valid" : true,
    "key" : "13-12-2017/lists/all/C-2901402P-ColoristaVioletPermanentHairColor",
    "key_in_category_list" : "13-12-2017/lists/beauty/C-2901402P-ColoristaVioletPermanentHairColor",
    "likes" : 1,
    "name" : "Colorista Violet Permanent Hair Color",
    "package_price" : "$9.47 per 1Ea",
    "package_size" : "1 pack",
    "price" : 9.47,
    "source" : "Coles",
    "source_short" : "C",
    "stock_code" : "2901402P",
    "thumbnail_url" : "https://shop.coles.com.au//wcsstore/Coles-CAS/images/2/9/0/2901402.jpg",
    "was_price" : 20.85
  },
  "C-2902143P-ColoristaSprayHotpinkHairColour" : {
    "brand" : "L'Oreal",
    "category" : "Health & Beauty",
    "id" : "C-2902143P-ColoristaSprayHotpinkHairColour",
    "is_valid" : true,
    "key" : "13-12-2017/lists/all/C-2902143P-ColoristaSprayHotpinkHairColour",
    "key_in_category_list" : "13-12-2017/lists/beauty/C-2902143P-ColoristaSprayHotpinkHairColour",
    "likes" : 0,
    "name" : "Colorista Spray Hotpink Hair Colour",
    "package_price" : "$9.96 per 100mL",
    "package_size" : "75mL",
    "price" : 7.47,
    "source" : "Coles",
    "source_short" : "C",
    "stock_code" : "2902143P",
    "thumbnail_url" : "https://shop.coles.com.au//wcsstore/Coles-CAS/images/2/9/0/2902143.jpg",
    "was_price" : 16.45
  },
  "C-2902154P-ColoristaSprayLavenderPermanentHairColour" : {
    "brand" : "L'Oreal",
    "category" : "Health & Beauty",
    "id" : "C-2902154P-ColoristaSprayLavenderPermanentHairColour",
    "is_valid" : true,
    "key" : "13-12-2017/lists/all/C-2902154P-ColoristaSprayLavenderPermanentHairColour",
    "key_in_category_list" : "13-12-2017/lists/beauty/C-2902154P-ColoristaSprayLavenderPermanentHairColour",
    "likes" : 0,
    "name" : "Colorista Spray Lavender Permanent Hair Colour",
    "package_price" : "$9.96 per 100mL",
    "package_size" : "75mL",
    "price" : 7.47,
    "source" : "Coles",
    "source_short" : "C",
    "stock_code" : "2902154P",
    "thumbnail_url" : "https://shop.coles.com.au//wcsstore/Coles-CAS/images/2/9/0/2902154.jpg",
    "was_price" : 16.45
  },
  "C-2902165P-ColoristaSprayMintPermanentHairColour" : {
    "brand" : "L'Oreal",
    "category" : "Health & Beauty",
    "id" : "C-2902165P-ColoristaSprayMintPermanentHairColour",
    "is_valid" : true,
    "key" : "13-12-2017/lists/all/C-2902165P-ColoristaSprayMintPermanentHairColour",
    "key_in_category_list" : "13-12-2017/lists/beauty/C-2902165P-ColoristaSprayMintPermanentHairColour",
    "likes" : 0,
    "name" : "Colorista Spray Mint Permanent Hair Colour",
    "package_price" : "$9.96 per 100mL",
    "package_size" : "75mL",
    "price" : 7.47,
    "source" : "Coles",
    "source_short" : "C",
    "stock_code" : "2902165P",
    "thumbnail_url" : "https://shop.coles.com.au//wcsstore/Coles-CAS/images/2/9/0/2902165.jpg",
    "was_price" : 16.45
  },
  "C-2902176P-ColoristaSprayPastelBlueHairColour" : {
    "brand" : "L'Oreal",
    "category" : "Health & Beauty",
    "id" : "C-2902176P-ColoristaSprayPastelBlueHairColour",
    "is_valid" : true,
    "key" : "13-12-2017/lists/all/C-2902176P-ColoristaSprayPastelBlueHairColour",
    "key_in_category_list" : "13-12-2017/lists/beauty/C-2902176P-ColoristaSprayPastelBlueHairColour",
    "likes" : 0,
    "name" : "Colorista Spray Pastel Blue Hair Colour",
    "package_price" : "$9.96 per 100mL",
    "package_size" : "75mL",
    "price" : 7.47,
    "source" : "Coles",
    "source_short" : "C",
    "stock_code" : "2902176P",
    "thumbnail_url" : "https://shop.coles.com.au//wcsstore/Coles-CAS/images/2/9/0/2902176.jpg",
    "was_price" : 16.45
  },
  "C-2902187P-ColoristaSprayPinkHairColour" : {
    "brand" : "L'Oreal",
    "category" : "Health & Beauty",
    "id" : "C-2902187P-ColoristaSprayPinkHairColour",
    "is_valid" : true,
    "key" : "13-12-2017/lists/all/C-2902187P-ColoristaSprayPinkHairColour",
    "key_in_category_list" : "13-12-2017/lists/beauty/C-2902187P-ColoristaSprayPinkHairColour",
    "likes" : 0,
    "name" : "Colorista Spray Pink Hair Colour",
    "package_price" : "$9.96 per 100mL",
    "package_size" : "75mL",
    "price" : 7.47,
    "source" : "Coles",
    "source_short" : "C",
    "stock_code" : "2902187P",
    "thumbnail_url" : "https://shop.coles.com.au//wcsstore/Coles-CAS/images/2/9/0/2902187.jpg",
    "was_price" : 16.45
  },
  "C-2902868P-ColoristaFaderShampooFadeColour" : {
    "brand" : "L'Oreal",
    "category" : "Health & Beauty",
    "id" : "C-2902868P-ColoristaFaderShampooFadeColour",
    "is_valid" : true,
    "key" : "13-12-2017/lists/all/C-2902868P-ColoristaFaderShampooFadeColour",
    "key_in_category_list" : "13-12-2017/lists/beauty/C-2902868P-ColoristaFaderShampooFadeColour",
    "likes" : 0,
    "name" : "Colorista Fader Shampoo Fade Colour",
    "package_price" : "$4.10 per 100mL",
    "package_size" : "200mL",
    "price" : 8.2,
    "source" : "Coles",
    "source_short" : "C",
    "stock_code" : "2902868P",
    "thumbnail_url" : "https://shop.coles.com.au//wcsstore/Coles-CAS/images/2/9/0/2902868.jpg",
    "was_price" : 18.1
  },
  "C-2909903P-DarkMilkChocolateBar" : {
    "brand" : "Cadbury",
    "category" : "Pantry",
    "id" : "C-2909903P-DarkMilkChocolateBar",
    "is_valid" : true,
    "key" : "13-12-2017/lists/all/C-2909903P-DarkMilkChocolateBar",
    "key_in_category_list" : "13-12-2017/lists/pantry/C-2909903P-DarkMilkChocolateBar",
    "likes" : 6,
    "name" : "Dark Milk Chocolate Bar",
    "package_price" : "$1.43 per 100G",
    "package_size" : "35g",
    "price" : 0.5,
    "source" : "Coles",
    "source_short" : "C",
    "stock_code" : "2909903P",
    "thumbnail_url" : "https://shop.coles.com.au//wcsstore/Coles-CAS/images/2/9/0/2909903.jpg",
    "was_price" : 2.2
  },
  "C-2909947P-HazelnutDarkMilkChocolateBar" : {
    "brand" : "Cadbury",
    "category" : "Pantry",
    "id" : "C-2909947P-HazelnutDarkMilkChocolateBar",
    "is_valid" : true,
    "key" : "13-12-2017/lists/all/C-2909947P-HazelnutDarkMilkChocolateBar",
    "key_in_category_list" : "13-12-2017/lists/pantry/C-2909947P-HazelnutDarkMilkChocolateBar",
    "likes" : 0,
    "name" : "Hazelnut Dark Milk Chocolate Bar",
    "package_price" : "$1.43 per 100G",
    "package_size" : "35g",
    "price" : 0.5,
    "source" : "Coles",
    "source_short" : "C",
    "stock_code" : "2909947P",
    "thumbnail_url" : "https://shop.coles.com.au//wcsstore/Coles-CAS/images/2/9/0/2909947.jpg",
    "was_price" : 2.2
  },
  "C-2913649P-RawCaneSticks" : {
    "brand" : "Whole Earth",
    "category" : "Pantry",
    "id" : "C-2913649P-RawCaneSticks",
    "is_valid" : true,
    "key" : "13-12-2017/lists/all/C-2913649P-RawCaneSticks",
    "key_in_category_list" : "13-12-2017/lists/pantry/C-2913649P-RawCaneSticks",
    "likes" : 0,
    "name" : "Raw Cane Sticks",
    "package_price" : "$1.56 per 100G",
    "package_size" : "250g",
    "price" : 2.5,
    "source" : "Coles",
    "source_short" : "C",
    "stock_code" : "2913649P",
    "thumbnail_url" : "https://shop.coles.com.au//wcsstore/Coles-CAS/images/2/9/1/2913649.jpg",
    "was_price" : 5.5
  },
  "C-2913650P-NatureSweetSticks" : {
    "brand" : "Whole Earth",
    "category" : "Pantry",
    "id" : "C-2913650P-NatureSweetSticks",
    "is_valid" : true,
    "key" : "13-12-2017/lists/all/C-2913650P-NatureSweetSticks",
    "key_in_category_list" : "13-12-2017/lists/pantry/C-2913650P-NatureSweetSticks",
    "likes" : 0,
    "name" : "Nature Sweet Sticks",
    "package_price" : "$4.15 per 100G",
    "package_size" : "125g",
    "price" : 2.49,
    "source" : "Coles",
    "source_short" : "C",
    "stock_code" : "2913650P",
    "thumbnail_url" : "https://shop.coles.com.au//wcsstore/Coles-CAS/images/2/9/1/2913650.jpg",
    "was_price" : 6.44
  },
  "C-2913820P-CannedMackerelFilletsThaiGreenCurry" : {
    "brand" : "Sole Mare",
    "category" : "Pantry",
    "id" : "C-2913820P-CannedMackerelFilletsThaiGreenCurry",
    "is_valid" : true,
    "key" : "13-12-2017/lists/all/C-2913820P-CannedMackerelFilletsThaiGreenCurry",
    "key_in_category_list" : "13-12-2017/lists/pantry/C-2913820P-CannedMackerelFilletsThaiGreenCurry",
    "likes" : 1,
    "name" : "Canned Mackerel Fillets Thai Green Curry",
    "package_price" : "$10.53 per 1Kg",
    "package_size" : "95g",
    "price" : 1.0,
    "source" : "Coles",
    "source_short" : "C",
    "stock_code" : "2913820P",
    "thumbnail_url" : "https://shop.coles.com.au//wcsstore/Coles-CAS/images/2/9/1/2913820.jpg",
    "was_price" : 2.2
  },
  "C-2913831P-CannedMackerelFilletsThaiRedCurry" : {
    "brand" : "Sole Mare",
    "category" : "Pantry",
    "id" : "C-2913831P-CannedMackerelFilletsThaiRedCurry",
    "is_valid" : true,
    "key" : "13-12-2017/lists/all/C-2913831P-CannedMackerelFilletsThaiRedCurry",
    "key_in_category_list" : "13-12-2017/lists/pantry/C-2913831P-CannedMackerelFilletsThaiRedCurry",
    "likes" : 0,
    "name" : "Canned Mackerel Fillets Thai Red Curry",
    "package_price" : "$10.53 per 1Kg",
    "package_size" : "95g",
    "price" : 1.0,
    "source" : "Coles",
    "source_short" : "C",
    "stock_code" : "2913831P",
    "thumbnail_url" : "https://shop.coles.com.au//wcsstore/Coles-CAS/images/2/9/1/2913831.jpg",
    "was_price" : 2.2
  },
  "C-2914903P-OreoDoubleChocolateBar" : {
    "brand" : "Cadbury",
    "category" : "Pantry",
    "id" : "C-2914903P-OreoDoubleChocolateBar",
    "is_valid" : true,
    "key" : "13-12-2017/lists/all/C-2914903P-OreoDoubleChocolateBar",
    "key_in_category_list" : "13-12-2017/lists/pantry/C-2914903P-OreoDoubleChocolateBar",
    "likes" : 0,
    "name" : "Oreo Double Chocolate Bar",
    "package_price" : "$1.11 per 100G",
    "package_size" : "45g",
    "price" : 0.5,
    "source" : "Coles",
    "source_short" : "C",
    "stock_code" : "2914903P",
    "thumbnail_url" : "https://shop.coles.com.au//wcsstore/Coles-CAS/images/2/9/1/2914903.jpg",
    "was_price" : 2.2
  },
  "C-2918518P-NatureSweetBaking" : {
    "brand" : "Whole Earth",
    "category" : "Pantry",
    "id" : "C-2918518P-NatureSweetBaking",
    "is_valid" : true,
    "key" : "13-12-2017/lists/all/C-2918518P-NatureSweetBaking",
    "key_in_category_list" : "13-12-2017/lists/pantry/C-2918518P-NatureSweetBaking",
    "likes" : 0,
    "name" : "Nature Sweet Baking",
    "package_price" : "$0.65 per 100G",
    "package_size" : "500g",
    "price" : 3.25,
    "source" : "Coles",
    "source_short" : "C",
    "stock_code" : "2918518P",
    "thumbnail_url" : "https://shop.coles.com.au//wcsstore/Coles-CAS/images/2/9/1/2918518.jpg",
    "was_price" : 7.15
  },
  "C-2925965P-SnackPack" : {
    "brand" : "Nuttvia",
    "category" : "Pantry",
    "id" : "C-2925965P-SnackPack",
    "is_valid" : true,
    "key" : "13-12-2017/lists/all/C-2925965P-SnackPack",
    "key_in_category_list" : "13-12-2017/lists/pantry/C-2925965P-SnackPack",
    "likes" : 0,
    "name" : "Snack Pack",
    "package_price" : "$3.13 per 100G",
    "package_size" : "48g",
    "price" : 1.5,
    "source" : "Coles",
    "source_short" : "C",
    "stock_code" : "2925965P",
    "thumbnail_url" : "https://shop.coles.com.au//wcsstore/Coles-CAS/images/2/9/2/2925965.jpg",
    "was_price" : 3.3
  },
  "C-2939041P-DailyCareShampoo" : {
    "brand" : "Dove",
    "category" : "Health & Beauty",
    "id" : "C-2939041P-DailyCareShampoo",
    "is_valid" : true,
    "key" : "13-12-2017/lists/all/C-2939041P-DailyCareShampoo",
    "key_in_category_list" : "13-12-2017/lists/beauty/C-2939041P-DailyCareShampoo",
    "likes" : 2,
    "name" : "Daily Care Shampoo",
    "package_price" : "$1.08 per 100mL",
    "package_size" : "320mL",
    "price" : 3.44,
    "source" : "Coles",
    "source_short" : "C",
    "stock_code" : "2939041P",
    "thumbnail_url" : "https://shop.coles.com.au//wcsstore/Coles-CAS/images/2/9/3/2939041.jpg",
    "was_price" : 7.58
  },
  "C-2939824P-DailyCareConditioner" : {
    "brand" : "Dove",
    "category" : "Health & Beauty",
    "id" : "C-2939824P-DailyCareConditioner",
    "is_valid" : true,
    "key" : "13-12-2017/lists/all/C-2939824P-DailyCareConditioner",
    "key_in_category_list" : "13-12-2017/lists/beauty/C-2939824P-DailyCareConditioner",
    "likes" : 0,
    "name" : "Daily Care Conditioner",
    "package_price" : "$1.08 per 100mL",
    "package_size" : "320mL",
    "price" : 3.44,
    "source" : "Coles",
    "source_short" : "C",
    "stock_code" : "2939824P",
    "thumbnail_url" : "https://shop.coles.com.au//wcsstore/Coles-CAS/images/2/9/3/2939824.jpg",
    "was_price" : 7.58
  },
  "C-2939835P-NourishingShineShampoo" : {
    "brand" : "Dove",
    "category" : "Health & Beauty",
    "id" : "C-2939835P-NourishingShineShampoo",
    "is_valid" : true,
    "key" : "13-12-2017/lists/all/C-2939835P-NourishingShineShampoo",
    "key_in_category_list" : "13-12-2017/lists/beauty/C-2939835P-NourishingShineShampoo",
    "likes" : 0,
    "name" : "Nourishing Shine Shampoo",
    "package_price" : "$1.08 per 100mL",
    "package_size" : "320mL",
    "price" : 3.44,
    "source" : "Coles",
    "source_short" : "C",
    "stock_code" : "2939835P",
    "thumbnail_url" : "https://shop.coles.com.au//wcsstore/Coles-CAS/images/2/9/3/2939835.jpg",
    "was_price" : 7.58
  },
  "C-2939857P-NourishingShineConditioner" : {
    "brand" : "Dove",
    "category" : "Health & Beauty",
    "id" : "C-2939857P-NourishingShineConditioner",
    "is_valid" : true,
    "key" : "13-12-2017/lists/all/C-2939857P-NourishingShineConditioner",
    "key_in_category_list" : "13-12-2017/lists/beauty/C-2939857P-NourishingShineConditioner",
    "likes" : 0,
    "name" : "Nourishing Shine Conditioner",
    "package_price" : "$1.08 per 100mL",
    "package_size" : "320mL",
    "price" : 3.44,
    "source" : "Coles",
    "source_short" : "C",
    "stock_code" : "2939857P",
    "thumbnail_url" : "https://shop.coles.com.au//wcsstore/Coles-CAS/images/2/9/3/2939857.jpg",
    "was_price" : 7.58
  },
  "C-2981977P-BondsLogoLightNoShowSytkgsize" : {
    "brand" : "Bonds",
    "category" : "Socks & Jocks",
    "id" : "C-2981977P-BondsLogoLightNoShowSytkgsize",
    "is_valid" : true,
    "key" : "13-12-2017/lists/all/C-2981977P-BondsLogoLightNoShowSytkgsize",
    "key_in_category_list" : "13-12-2017/lists/household/C-2981977P-BondsLogoLightNoShowSytkgsize",
    "likes" : 0,
    "name" : "Bonds Logo Light No Show Sytk4g size 6-10",
    "package_price" : "$7.00 per 4Ea",
    "package_size" : "4 pack",
    "price" : 7.0,
    "source" : "Coles",
    "source_short" : "C",
    "stock_code" : "2981977P",
    "thumbnail_url" : "https://shop.coles.com.au//wcsstore/Coles-CAS/images/2/9/8/2981977.jpg",
    "was_price" : 15.4
  },
  "C-2982492P-SupersoftLymgsize" : {
    "brand" : "Bonds",
    "category" : "Socks & Jocks",
    "id" : "C-2982492P-SupersoftLymgsize",
    "is_valid" : true,
    "key" : "13-12-2017/lists/all/C-2982492P-SupersoftLymgsize",
    "key_in_category_list" : "13-12-2017/lists/household/C-2982492P-SupersoftLymgsize",
    "likes" : 0,
    "name" : "Supersoft Lym72g size 3-8",
    "package_price" : "$7.00 per 2Ea",
    "package_size" : "2 pack",
    "price" : 7.0,
    "source" : "Coles",
    "source_short" : "C",
    "stock_code" : "2982492P",
    "thumbnail_url" : "https://shop.coles.com.au//wcsstore/Coles-CAS/images/2/9/8/2982492.jpg",
    "was_price" : 15.4
  },
  "C-2987248P-WomensHipsterBikiniWsSize" : {
    "brand" : "Bonds",
    "category" : "Socks & Jocks",
    "id" : "C-2987248P-WomensHipsterBikiniWsSize",
    "is_valid" : true,
    "key" : "13-12-2017/lists/all/C-2987248P-WomensHipsterBikiniWsSize",
    "key_in_category_list" : "13-12-2017/lists/household/C-2987248P-WomensHipsterBikiniWsSize",
    "likes" : 0,
    "name" : "Womens Hipster Bikini W1089s Size 16",
    "package_price" : "",
    "package_size" : "2 pack",
    "price" : 9.0,
    "source" : "Coles",
    "source_short" : "C",
    "stock_code" : "2987248P",
    "thumbnail_url" : "https://shop.coles.com.au//wcsstore/Coles-CAS/images/2/9/8/2987248.jpg",
    "was_price" : 19.8
  },
  "C-2987306P-WomensHipsterBoylegWsSize" : {
    "brand" : "Bonds",
    "category" : "Socks & Jocks",
    "id" : "C-2987306P-WomensHipsterBoylegWsSize",
    "is_valid" : true,
    "key" : "13-12-2017/lists/all/C-2987306P-WomensHipsterBoylegWsSize",
    "key_in_category_list" : "13-12-2017/lists/household/C-2987306P-WomensHipsterBoylegWsSize",
    "likes" : 0,
    "name" : "Womens Hipster Boyleg W1093s Size 16",
    "package_price" : "",
    "package_size" : "2 pack",
    "price" : 9.0,
    "source" : "Coles",
    "source_short" : "C",
    "stock_code" : "2987306P",
    "thumbnail_url" : "https://shop.coles.com.au//wcsstore/Coles-CAS/images/2/9/8/2987306.jpg",
    "was_price" : 19.8
  },
  "C-2993740P-CokeNoSugarCansSoftDrinkpack" : {
    "brand" : "Coca-Cola",
    "category" : "Christmas",
    "id" : "C-2993740P-CokeNoSugarCansSoftDrinkpack",
    "is_valid" : true,
    "key" : "13-12-2017/lists/all/C-2993740P-CokeNoSugarCansSoftDrinkpack",
    "key_in_category_list" : "13-12-2017/lists/christmas/C-2993740P-CokeNoSugarCansSoftDrinkpack",
    "likes" : 1,
    "name" : "Coke No Sugar Cans Soft Drink 24 pack",
    "package_price" : "$1.76 per 1L",
    "package_size" : "375mL",
    "price" : 15.85,
    "source" : "Coles",
    "source_short" : "C",
    "stock_code" : "2993740P",
    "thumbnail_url" : "https://shop.coles.com.au//wcsstore/Coles-CAS/images/2/9/9/2993740.jpg",
    "was_price" : 33.93
  },
  "C-2994017P-HobnobsBiscuitsPlain" : {
    "brand" : "Mcvitie's",
    "category" : "Pantry",
    "id" : "C-2994017P-HobnobsBiscuitsPlain",
    "is_valid" : true,
    "key" : "13-12-2017/lists/all/C-2994017P-HobnobsBiscuitsPlain",
    "key_in_category_list" : "13-12-2017/lists/pantry/C-2994017P-HobnobsBiscuitsPlain",
    "likes" : 1,
    "name" : "Hobnobs Biscuits Plain",
    "package_price" : "$0.50 per 100G",
    "package_size" : "300g",
    "price" : 1.5,
    "source" : "Coles",
    "source_short" : "C",
    "stock_code" : "2994017P",
    "thumbnail_url" : "https://shop.coles.com.au//wcsstore/Coles-CAS/images/2/9/9/2994017.jpg",
    "was_price" : 3.3
  },
  "C-2994334P-MiilkCookie" : {
    "brand" : "Prince",
    "category" : "Pantry",
    "id" : "C-2994334P-MiilkCookie",
    "is_valid" : true,
    "key" : "13-12-2017/lists/all/C-2994334P-MiilkCookie",
    "key_in_category_list" : "13-12-2017/lists/pantry/C-2994334P-MiilkCookie",
    "likes" : 0,
    "name" : "Miilk Cookie",
    "package_price" : "$0.63 per 100G",
    "package_size" : "120g",
    "price" : 0.75,
    "source" : "Coles",
    "source_short" : "C",
    "stock_code" : "2994334P",
    "thumbnail_url" : "https://shop.coles.com.au//wcsstore/Coles-CAS/images/2/9/9/2994334.jpg",
    "was_price" : 2.2
  },
  "C-2994345P-ChocolateCookie" : {
    "brand" : "Prince",
    "category" : "Pantry",
    "id" : "C-2994345P-ChocolateCookie",
    "is_valid" : true,
    "key" : "13-12-2017/lists/all/C-2994345P-ChocolateCookie",
    "key_in_category_list" : "13-12-2017/lists/pantry/C-2994345P-ChocolateCookie",
    "likes" : 1,
    "name" : "Chocolate Cookie",
    "package_price" : "$0.63 per 100G",
    "package_size" : "120g",
    "price" : 0.75,
    "source" : "Coles",
    "source_short" : "C",
    "stock_code" : "2994345P",
    "thumbnail_url" : "https://shop.coles.com.au//wcsstore/Coles-CAS/images/2/9/9/2994345.jpg",
    "was_price" : 2.2
  },
  "C-2994356P-StrawberryCookie" : {
    "brand" : "Prince",
    "category" : "Pantry",
    "id" : "C-2994356P-StrawberryCookie",
    "is_valid" : true,
    "key" : "13-12-2017/lists/all/C-2994356P-StrawberryCookie",
    "key_in_category_list" : "13-12-2017/lists/pantry/C-2994356P-StrawberryCookie",
    "likes" : 1,
    "name" : "Strawberry Cookie",
    "package_price" : "$0.63 per 100G",
    "package_size" : "120g",
    "price" : 0.75,
    "source" : "Coles",
    "source_short" : "C",
    "stock_code" : "2994356P",
    "thumbnail_url" : "https://shop.coles.com.au//wcsstore/Coles-CAS/images/2/9/9/2994356.jpg",
    "was_price" : 2.2
  },
  "C-3015310P-StrapzMultiVarietyDogTreatPack" : {
    "brand" : "Schmackos",
    "category" : "Pet",
    "id" : "C-3015310P-StrapzMultiVarietyDogTreatPack",
    "is_valid" : true,
    "key" : "13-12-2017/lists/all/C-3015310P-StrapzMultiVarietyDogTreatPack",
    "key_in_category_list" : "13-12-2017/lists/pet/C-3015310P-StrapzMultiVarietyDogTreatPack",
    "likes" : 3,
    "name" : "Strapz Multi-Variety Dog Treat Pack",
    "package_price" : "$1.17 per 100G",
    "package_size" : "500g",
    "price" : 5.85,
    "source" : "Coles",
    "source_short" : "C",
    "stock_code" : "3015310P",
    "thumbnail_url" : "https://shop.coles.com.au//wcsstore/Coles-CAS/images/3/0/1/3015310.jpg",
    "was_price" : 12.87
  },
  "C-3019479P-SantaArtBox" : {
    "brand" : "Maltesers",
    "category" : "Pantry",
    "id" : "C-3019479P-SantaArtBox",
    "is_valid" : true,
    "key" : "13-12-2017/lists/all/C-3019479P-SantaArtBox",
    "key_in_category_list" : "13-12-2017/lists/pantry/C-3019479P-SantaArtBox",
    "likes" : 0,
    "name" : "Santa Art Box",
    "package_price" : "$1.39 per 100G",
    "package_size" : "360g",
    "price" : 5.0,
    "source" : "Coles",
    "source_short" : "C",
    "stock_code" : "3019479P",
    "thumbnail_url" : "https://shop.coles.com.au//wcsstore/Coles-CAS/images/3/0/1/3019479.jpg",
    "was_price" : 11.0
  },
  "C-3033163P-DuoActiveJasmineToiletCleaner" : {
    "brand" : "Bref",
    "category" : "Household",
    "id" : "C-3033163P-DuoActiveJasmineToiletCleaner",
    "is_valid" : true,
    "key" : "13-12-2017/lists/all/C-3033163P-DuoActiveJasmineToiletCleaner",
    "key_in_category_list" : "13-12-2017/lists/household/C-3033163P-DuoActiveJasmineToiletCleaner",
    "likes" : 0,
    "name" : "Duo Active Jasmine Toilet Cleaner",
    "package_price" : "$5.00 per 100mL",
    "package_size" : "50g",
    "price" : 2.5,
    "source" : "Coles",
    "source_short" : "C",
    "stock_code" : "3033163P",
    "thumbnail_url" : "https://shop.coles.com.au//wcsstore/Coles-CAS/images/3/0/3/3033163.jpg",
    "was_price" : 5.5
  },
  "C-3033185P-ActivePowerToiletCleanerLavender" : {
    "brand" : "Bref",
    "category" : "Household",
    "id" : "C-3033185P-ActivePowerToiletCleanerLavender",
    "is_valid" : true,
    "key" : "13-12-2017/lists/all/C-3033185P-ActivePowerToiletCleanerLavender",
    "key_in_category_list" : "13-12-2017/lists/household/C-3033185P-ActivePowerToiletCleanerLavender",
    "likes" : 1,
    "name" : "Active Power Toilet Cleaner Lavender",
    "package_price" : "$5.00 per 100G",
    "package_size" : "50g",
    "price" : 2.5,
    "source" : "Coles",
    "source_short" : "C",
    "stock_code" : "3033185P",
    "thumbnail_url" : "https://shop.coles.com.au//wcsstore/Coles-CAS/images/3/0/3/3033185.jpg",
    "was_price" : 5.5
  },
  "C-3041296P-VIPooLemonIdol" : {
    "brand" : "Air Wick",
    "category" : "Household",
    "id" : "C-3041296P-VIPooLemonIdol",
    "is_valid" : true,
    "key" : "13-12-2017/lists/all/C-3041296P-VIPooLemonIdol",
    "key_in_category_list" : "13-12-2017/lists/household/C-3041296P-VIPooLemonIdol",
    "likes" : 1,
    "name" : "VI Poo Lemon Idol",
    "package_price" : "$9.09 per 100mL",
    "package_size" : "55mL",
    "price" : 5.0,
    "source" : "Coles",
    "source_short" : "C",
    "stock_code" : "3041296P",
    "thumbnail_url" : "https://shop.coles.com.au//wcsstore/Coles-CAS/images/3/0/4/3041296.jpg",
    "was_price" : 11.0
  },
  "C-3041300P-VIPooFruityPinUp" : {
    "brand" : "Air Wick",
    "category" : "Household",
    "id" : "C-3041300P-VIPooFruityPinUp",
    "is_valid" : true,
    "key" : "13-12-2017/lists/all/C-3041300P-VIPooFruityPinUp",
    "key_in_category_list" : "13-12-2017/lists/household/C-3041300P-VIPooFruityPinUp",
    "likes" : 3,
    "name" : "VI Poo Fruity Pin Up",
    "package_price" : "$9.09 per 100mL",
    "package_size" : "55mL",
    "price" : 5.0,
    "source" : "Coles",
    "source_short" : "C",
    "stock_code" : "3041300P",
    "thumbnail_url" : "https://shop.coles.com.au//wcsstore/Coles-CAS/images/3/0/4/3041300.jpg",
    "was_price" : 11.0
  },
  "C-3041332P-VIPooLavenderSuperstar" : {
    "brand" : "Air Wick",
    "category" : "Household",
    "id" : "C-3041332P-VIPooLavenderSuperstar",
    "is_valid" : true,
    "key" : "13-12-2017/lists/all/C-3041332P-VIPooLavenderSuperstar",
    "key_in_category_list" : "13-12-2017/lists/household/C-3041332P-VIPooLavenderSuperstar",
    "likes" : 1,
    "name" : "VI Poo Lavender Superstar",
    "package_price" : "$9.09 per 100mL",
    "package_size" : "55mL",
    "price" : 5.0,
    "source" : "Coles",
    "source_short" : "C",
    "stock_code" : "3041332P",
    "thumbnail_url" : "https://shop.coles.com.au//wcsstore/Coles-CAS/images/3/0/4/3041332.jpg",
    "was_price" : 11.0
  },
  "C-3054469P-ChocolateFlakeMochaBars" : {
    "brand" : "Cadbury",
    "category" : "Pantry",
    "id" : "C-3054469P-ChocolateFlakeMochaBars",
    "is_valid" : true,
    "key" : "13-12-2017/lists/all/C-3054469P-ChocolateFlakeMochaBars",
    "key_in_category_list" : "13-12-2017/lists/pantry/C-3054469P-ChocolateFlakeMochaBars",
    "likes" : 0,
    "name" : "Chocolate Flake Mocha Bars",
    "package_price" : "$3.33 per 100G",
    "package_size" : "30g",
    "price" : 1.0,
    "source" : "Coles",
    "source_short" : "C",
    "stock_code" : "3054469P",
    "thumbnail_url" : "https://shop.coles.com.au//wcsstore/Coles-CAS/images/3/0/5/3054469.jpg",
    "was_price" : 2.2
  },
  "C-3058164P-WhiteToiletTissue" : {
    "brand" : "Purex",
    "category" : "Household",
    "id" : "C-3058164P-WhiteToiletTissue",
    "is_valid" : true,
    "key" : "13-12-2017/lists/all/C-3058164P-WhiteToiletTissue",
    "key_in_category_list" : "13-12-2017/lists/household/C-3058164P-WhiteToiletTissue",
    "likes" : 16,
    "name" : "White Toilet Tissue",
    "package_price" : "$0.17 per 100Ea",
    "package_size" : "20 pack",
    "price" : 7.0,
    "source" : "Coles",
    "source_short" : "C",
    "stock_code" : "3058164P",
    "thumbnail_url" : "https://shop.coles.com.au//wcsstore/Coles-CAS/images/3/0/5/3058164.jpg",
    "was_price" : 15.4
  },
  "C-3157745P-FacialTissuesEucalyptus" : {
    "brand" : "Kleenex",
    "category" : "Health & Beauty",
    "id" : "C-3157745P-FacialTissuesEucalyptus",
    "is_valid" : true,
    "key" : "13-12-2017/lists/all/C-3157745P-FacialTissuesEucalyptus",
    "key_in_category_list" : "13-12-2017/lists/beauty/C-3157745P-FacialTissuesEucalyptus",
    "likes" : 9,
    "name" : "Facial Tissues Eucalyptus",
    "package_price" : "$1.37 per 100Ea",
    "package_size" : "140 pack",
    "price" : 1.92,
    "source" : "Coles",
    "source_short" : "C",
    "stock_code" : "3157745P",
    "thumbnail_url" : "https://shop.coles.com.au//wcsstore/Coles-CAS/images/3/1/5/3157745.jpg",
    "was_price" : 4.24
  },
  "C-324385P-LightlySparklingWater" : {
    "brand" : "Mount Franklin",
    "category" : "Christmas",
    "id" : "C-324385P-LightlySparklingWater",
    "is_valid" : true,
    "key" : "13-12-2017/lists/all/C-324385P-LightlySparklingWater",
    "key_in_category_list" : "13-12-2017/lists/christmas/C-324385P-LightlySparklingWater",
    "likes" : 1,
    "name" : "Lightly Sparkling Water",
    "package_price" : "$1.13 per 1L",
    "package_size" : "1.25L",
    "price" : 1.41,
    "source" : "Coles",
    "source_short" : "C",
    "stock_code" : "324385P",
    "thumbnail_url" : "https://shop.coles.com.au//wcsstore/Coles-CAS/images/3/2/4/324385.jpg",
    "was_price" : 3.08
  },
  "C-325730P-TropicalPunchFruitDrinkwithVitaminC" : {
    "brand" : "Golden Circle",
    "category" : "Drinks",
    "id" : "C-325730P-TropicalPunchFruitDrinkwithVitaminC",
    "is_valid" : true,
    "key" : "13-12-2017/lists/all/C-325730P-TropicalPunchFruitDrinkwithVitaminC",
    "key_in_category_list" : "13-12-2017/lists/drinks/C-325730P-TropicalPunchFruitDrinkwithVitaminC",
    "likes" : 3,
    "name" : "Tropical Punch Fruit Drink with Vitamin C",
    "package_price" : "$1.23 per 1L",
    "package_size" : "1L",
    "price" : 1.23,
    "source" : "Coles",
    "source_short" : "C",
    "stock_code" : "325730P",
    "thumbnail_url" : "https://shop.coles.com.au//wcsstore/Coles-CAS/images/3/2/5/325730.jpg",
    "was_price" : 2.53
  },
  "C-348281P-SPMatzoBread" : {
    "brand" : "Aviv",
    "category" : "International Foods",
    "id" : "C-348281P-SPMatzoBread",
    "is_valid" : true,
    "key" : "13-12-2017/lists/all/C-348281P-SPMatzoBread",
    "key_in_category_list" : "13-12-2017/lists/international_foods/C-348281P-SPMatzoBread",
    "likes" : 0,
    "name" : "SP Matzo Bread",
    "package_price" : "$0.52 per 100G",
    "package_size" : "450g",
    "price" : 2.35,
    "source" : "Coles",
    "source_short" : "C",
    "stock_code" : "348281P",
    "thumbnail_url" : "https://shop.coles.com.au//wcsstore/Coles-CAS/images/3/4/8/348281.jpg",
    "was_price" : 5.23
  },
  "C-37780P-VegetablePastaTwistsNo" : {
    "brand" : "Vetta",
    "category" : "Pantry",
    "id" : "C-37780P-VegetablePastaTwistsNo",
    "is_valid" : true,
    "key" : "13-12-2017/lists/all/C-37780P-VegetablePastaTwistsNo",
    "key_in_category_list" : "13-12-2017/lists/pantry/C-37780P-VegetablePastaTwistsNo",
    "likes" : 1,
    "name" : "Vegetable Pasta Twists No 89",
    "package_price" : "$0.27 per 100G",
    "package_size" : "375g",
    "price" : 1.0,
    "source" : "Coles",
    "source_short" : "C",
    "stock_code" : "37780P",
    "thumbnail_url" : "https://shop.coles.com.au//wcsstore/Coles-CAS/images/3/7/7/37780.jpg",
    "was_price" : 2.26
  },
  "C-4162740P-LightweightWomensSocksSize" : {
    "brand" : "Explorer",
    "category" : "Clothing",
    "id" : "C-4162740P-LightweightWomensSocksSize",
    "is_valid" : true,
    "key" : "13-12-2017/lists/all/C-4162740P-LightweightWomensSocksSize",
    "key_in_category_list" : "13-12-2017/lists/household/C-4162740P-LightweightWomensSocksSize",
    "likes" : 0,
    "name" : "Light weight Womens Socks Size 3-8",
    "package_price" : "",
    "package_size" : "1 pack",
    "price" : 7.0,
    "source" : "Coles",
    "source_short" : "C",
    "stock_code" : "4162740P",
    "thumbnail_url" : "https://shop.coles.com.au//wcsstore/Coles-CAS/images/4/1/6/4162740.jpg",
    "was_price" : 15.4
  },
  "C-4425023P-BoostChocolateBar" : {
    "brand" : "Cadbury",
    "category" : "Pantry",
    "id" : "C-4425023P-BoostChocolateBar",
    "is_valid" : true,
    "key" : "13-12-2017/lists/all/C-4425023P-BoostChocolateBar",
    "key_in_category_list" : "13-12-2017/lists/pantry/C-4425023P-BoostChocolateBar",
    "likes" : 0,
    "name" : "Boost Chocolate Bar",
    "package_price" : "$1.67 per 100G",
    "package_size" : "60g",
    "price" : 1.0,
    "source" : "Coles",
    "source_short" : "C",
    "stock_code" : "4425023P",
    "thumbnail_url" : "https://shop.coles.com.au//wcsstore/Coles-CAS/images/4/4/2/4425023.jpg",
    "was_price" : 2.2
  },
  "C-4426092P-SPRoseGrapeJuice" : {
    "brand" : "Kinor",
    "category" : "International Foods",
    "id" : "C-4426092P-SPRoseGrapeJuice",
    "is_valid" : true,
    "key" : "13-12-2017/lists/all/C-4426092P-SPRoseGrapeJuice",
    "key_in_category_list" : "13-12-2017/lists/international_foods/C-4426092P-SPRoseGrapeJuice",
    "likes" : 1,
    "name" : "SP Rose Grape Juice",
    "package_price" : "$4.18 per 1L",
    "package_size" : "945mL",
    "price" : 3.95,
    "source" : "Coles",
    "source_short" : "C",
    "stock_code" : "4426092P",
    "thumbnail_url" : "https://shop.coles.com.au//wcsstore/Coles-CAS/images/4/4/2/4426092.jpg",
    "was_price" : 8.8
  },
  "C-4675520P-FrozenAsianBanquetMegaValuePack" : {
    "brand" : "Pacific West",
    "category" : "Christmas",
    "id" : "C-4675520P-FrozenAsianBanquetMegaValuePack",
    "is_valid" : true,
    "key" : "13-12-2017/lists/all/C-4675520P-FrozenAsianBanquetMegaValuePack",
    "key_in_category_list" : "13-12-2017/lists/christmas/C-4675520P-FrozenAsianBanquetMegaValuePack",
    "likes" : 0,
    "name" : "Frozen Asian Banquet Mega Value Pack",
    "package_price" : "$0.58 per 100G",
    "package_size" : "1kg",
    "price" : 5.77,
    "source" : "Coles",
    "source_short" : "C",
    "stock_code" : "4675520P",
    "thumbnail_url" : "https://shop.coles.com.au//wcsstore/Coles-CAS/images/4/6/7/4675520.jpg",
    "was_price" : 12.71
  },
  "C-4675530P-MegaValuePackFrozenCocktailSpringRollspack" : {
    "brand" : "Pacific West",
    "category" : "Christmas",
    "id" : "C-4675530P-MegaValuePackFrozenCocktailSpringRollspack",
    "is_valid" : true,
    "key" : "13-12-2017/lists/all/C-4675530P-MegaValuePackFrozenCocktailSpringRollspack",
    "key_in_category_list" : "13-12-2017/lists/christmas/C-4675530P-MegaValuePackFrozenCocktailSpringRollspack",
    "likes" : 3,
    "name" : "Mega Value Pack Frozen Cocktail Spring Rolls 68 pack",
    "package_price" : "$0.58 per 100G",
    "package_size" : "1kg",
    "price" : 5.77,
    "source" : "Coles",
    "source_short" : "C",
    "stock_code" : "4675530P",
    "thumbnail_url" : "https://shop.coles.com.au//wcsstore/Coles-CAS/images/4/6/7/4675530.jpg",
    "was_price" : 12.71
  },
  "C-4941780P-FishOilmgCapsules" : {
    "brand" : "Blackmores",
    "category" : "Healthy Living",
    "id" : "C-4941780P-FishOilmgCapsules",
    "is_valid" : true,
    "key" : "13-12-2017/lists/all/C-4941780P-FishOilmgCapsules",
    "key_in_category_list" : "13-12-2017/lists/living/C-4941780P-FishOilmgCapsules",
    "likes" : 3,
    "name" : "Fish Oil 1000mg Capsules",
    "package_price" : "$4.50 per 100Ea",
    "package_size" : "200 pack",
    "price" : 9.0,
    "source" : "Coles",
    "source_short" : "C",
    "stock_code" : "4941780P",
    "thumbnail_url" : "https://shop.coles.com.au//wcsstore/Coles-CAS/images/4/9/4/4941780.jpg",
    "was_price" : 20.85
  },
  "C-5072600P-DairyMilkCaramelloChocolateBar" : {
    "brand" : "Cadbury",
    "category" : "Pantry",
    "id" : "C-5072600P-DairyMilkCaramelloChocolateBar",
    "is_valid" : true,
    "key" : "13-12-2017/lists/all/C-5072600P-DairyMilkCaramelloChocolateBar",
    "key_in_category_list" : "13-12-2017/lists/pantry/C-5072600P-DairyMilkCaramelloChocolateBar",
    "likes" : 0,
    "name" : "Dairy Milk Caramello Chocolate Bar",
    "package_price" : "$1.82 per 100G",
    "package_size" : "55g",
    "price" : 1.0,
    "source" : "Coles",
    "source_short" : "C",
    "stock_code" : "5072600P",
    "thumbnail_url" : "https://shop.coles.com.au//wcsstore/Coles-CAS/images/5/0/7/5072600.jpg",
    "was_price" : 2.2
  },
  "C-5072610P-DairyMilkFruitandNutChocolateBar" : {
    "brand" : "Cadbury",
    "category" : "Pantry",
    "id" : "C-5072610P-DairyMilkFruitandNutChocolateBar",
    "is_valid" : true,
    "key" : "13-12-2017/lists/all/C-5072610P-DairyMilkFruitandNutChocolateBar",
    "key_in_category_list" : "13-12-2017/lists/pantry/C-5072610P-DairyMilkFruitandNutChocolateBar",
    "likes" : 0,
    "name" : "Dairy Milk Fruit and Nut Chocolate Bar",
    "package_price" : "$2.00 per 100G",
    "package_size" : "50g",
    "price" : 1.0,
    "source" : "Coles",
    "source_short" : "C",
    "stock_code" : "5072610P",
    "thumbnail_url" : "https://shop.coles.com.au//wcsstore/Coles-CAS/images/5/0/7/5072610.jpg",
    "was_price" : 2.2
  },
  "C-5072665P-DairyMilkChunkyChocolateBar" : {
    "brand" : "Cadbury",
    "category" : "Pantry",
    "id" : "C-5072665P-DairyMilkChunkyChocolateBar",
    "is_valid" : true,
    "key" : "13-12-2017/lists/all/C-5072665P-DairyMilkChunkyChocolateBar",
    "key_in_category_list" : "13-12-2017/lists/pantry/C-5072665P-DairyMilkChunkyChocolateBar",
    "likes" : 0,
    "name" : "Dairy Milk Chunky Chocolate Bar",
    "package_price" : "$2.00 per 100G",
    "package_size" : "50g",
    "price" : 1.0,
    "source" : "Coles",
    "source_short" : "C",
    "stock_code" : "5072665P",
    "thumbnail_url" : "https://shop.coles.com.au//wcsstore/Coles-CAS/images/5/0/7/5072665.jpg",
    "was_price" : 2.2
  },
  "C-5072676P-DairyMilkChocolateRollPack" : {
    "brand" : "Cadbury",
    "category" : "Pantry",
    "id" : "C-5072676P-DairyMilkChocolateRollPack",
    "is_valid" : true,
    "key" : "13-12-2017/lists/all/C-5072676P-DairyMilkChocolateRollPack",
    "key_in_category_list" : "13-12-2017/lists/pantry/C-5072676P-DairyMilkChocolateRollPack",
    "likes" : 0,
    "name" : "Dairy Milk Chocolate Roll Pack",
    "package_price" : "$1.82 per 100G",
    "package_size" : "55g",
    "price" : 1.0,
    "source" : "Coles",
    "source_short" : "C",
    "stock_code" : "5072676P",
    "thumbnail_url" : "https://shop.coles.com.au//wcsstore/Coles-CAS/images/5/0/7/5072676.jpg",
    "was_price" : 2.2
  },
  "C-5091513P-SuperStrengthLimeFreshDishwashingLiquid" : {
    "brand" : "Morning Fresh",
    "category" : "Household",
    "id" : "C-5091513P-SuperStrengthLimeFreshDishwashingLiquid",
    "is_valid" : true,
    "key" : "13-12-2017/lists/all/C-5091513P-SuperStrengthLimeFreshDishwashingLiquid",
    "key_in_category_list" : "13-12-2017/lists/household/C-5091513P-SuperStrengthLimeFreshDishwashingLiquid",
    "likes" : 2,
    "name" : "Super Strength Lime Fresh Dishwashing Liquid",
    "package_price" : "$0.39 per 100mL",
    "package_size" : "900mL",
    "price" : 3.47,
    "source" : "Coles",
    "source_short" : "C",
    "stock_code" : "5091513P",
    "thumbnail_url" : "https://shop.coles.com.au//wcsstore/Coles-CAS/images/5/0/9/5091513.jpg",
    "was_price" : 7.65
  },
  "C-5118100P-OliveOilExtraVirginElPrimero" : {
    "brand" : "Moro",
    "category" : "Pantry",
    "id" : "C-5118100P-OliveOilExtraVirginElPrimero",
    "is_valid" : true,
    "key" : "13-12-2017/lists/all/C-5118100P-OliveOilExtraVirginElPrimero",
    "key_in_category_list" : "13-12-2017/lists/pantry/C-5118100P-OliveOilExtraVirginElPrimero",
    "likes" : 2,
    "name" : "Olive Oil Extra Virgin El Primero",
    "package_price" : "$0.85 per 100mL",
    "package_size" : "1L",
    "price" : 8.5,
    "source" : "Coles",
    "source_short" : "C",
    "stock_code" : "5118100P",
    "thumbnail_url" : "https://shop.coles.com.au//wcsstore/Coles-CAS/images/5/1/1/5118100.jpg",
    "was_price" : 18.7
  },
  "C-5118110P-OliveOilExtraLightElDelicado" : {
    "brand" : "Moro",
    "category" : "Pantry",
    "id" : "C-5118110P-OliveOilExtraLightElDelicado",
    "is_valid" : true,
    "key" : "13-12-2017/lists/all/C-5118110P-OliveOilExtraLightElDelicado",
    "key_in_category_list" : "13-12-2017/lists/pantry/C-5118110P-OliveOilExtraLightElDelicado",
    "likes" : 2,
    "name" : "Olive Oil Extra Light El Delicado",
    "package_price" : "$0.80 per 100mL",
    "package_size" : "1L",
    "price" : 8.0,
    "source" : "Coles",
    "source_short" : "C",
    "stock_code" : "5118110P",
    "thumbnail_url" : "https://shop.coles.com.au//wcsstore/Coles-CAS/images/5/1/1/5118110.jpg",
    "was_price" : 17.6
  },
  "C-5123369P-LegHam" : {
    "brand" : "Plumrose",
    "category" : "Pantry",
    "id" : "C-5123369P-LegHam",
    "is_valid" : true,
    "key" : "13-12-2017/lists/all/C-5123369P-LegHam",
    "key_in_category_list" : "13-12-2017/lists/pantry/C-5123369P-LegHam",
    "likes" : 0,
    "name" : "Leg Ham",
    "package_price" : "$12.25 per 1Kg",
    "package_size" : "200g",
    "price" : 2.45,
    "source" : "Coles",
    "source_short" : "C",
    "stock_code" : "5123369P",
    "thumbnail_url" : "https://shop.coles.com.au//wcsstore/Coles-CAS/images/5/1/2/5123369.jpg",
    "was_price" : 5.39
  },
  "C-5127235P-GoldenPashFruitDrinkwithVitaminC" : {
    "brand" : "Golden Circle",
    "category" : "Drinks",
    "id" : "C-5127235P-GoldenPashFruitDrinkwithVitaminC",
    "is_valid" : true,
    "key" : "13-12-2017/lists/all/C-5127235P-GoldenPashFruitDrinkwithVitaminC",
    "key_in_category_list" : "13-12-2017/lists/drinks/C-5127235P-GoldenPashFruitDrinkwithVitaminC",
    "likes" : 1,
    "name" : "Golden Pash Fruit Drink with Vitamin C",
    "package_price" : "$1.23 per 1L",
    "package_size" : "1L",
    "price" : 1.23,
    "source" : "Coles",
    "source_short" : "C",
    "stock_code" : "5127235P",
    "thumbnail_url" : "https://shop.coles.com.au//wcsstore/Coles-CAS/images/5/1/2/5127235.jpg",
    "was_price" : 2.53
  },
  "C-5133544P-BelgianChocolateSeaShells" : {
    "brand" : "Guylian",
    "category" : "Pantry",
    "id" : "C-5133544P-BelgianChocolateSeaShells",
    "is_valid" : true,
    "key" : "13-12-2017/lists/all/C-5133544P-BelgianChocolateSeaShells",
    "key_in_category_list" : "13-12-2017/lists/pantry/C-5133544P-BelgianChocolateSeaShells",
    "likes" : 1,
    "name" : "Belgian Chocolate Sea Shells",
    "package_price" : "$3.23 per 100G",
    "package_size" : "6 pack",
    "price" : 2.1,
    "source" : "Coles",
    "source_short" : "C",
    "stock_code" : "5133544P",
    "thumbnail_url" : "https://shop.coles.com.au//wcsstore/Coles-CAS/images/5/1/3/5133544.jpg",
    "was_price" : 4.62
  },
  "C-5164388P-FrozenRaspberries" : {
    "brand" : "Creative Gourmet",
    "category" : "Frozen",
    "id" : "C-5164388P-FrozenRaspberries",
    "is_valid" : true,
    "key" : "13-12-2017/lists/all/C-5164388P-FrozenRaspberries",
    "key_in_category_list" : "13-12-2017/lists/frozen/C-5164388P-FrozenRaspberries",
    "likes" : 6,
    "name" : "Frozen Raspberries",
    "package_price" : "$9.40 per 1Kg",
    "package_size" : "300g",
    "price" : 2.82,
    "source" : "Coles",
    "source_short" : "C",
    "stock_code" : "5164388P",
    "thumbnail_url" : "https://shop.coles.com.au//wcsstore/Coles-CAS/images/5/1/6/5164388.jpg",
    "was_price" : 6.22
  },
  "C-5164399P-FrozenBlueberries" : {
    "brand" : "Creative Gourmet",
    "category" : "Frozen",
    "id" : "C-5164399P-FrozenBlueberries",
    "is_valid" : true,
    "key" : "13-12-2017/lists/all/C-5164399P-FrozenBlueberries",
    "key_in_category_list" : "13-12-2017/lists/frozen/C-5164399P-FrozenBlueberries",
    "likes" : 9,
    "name" : "Frozen Blueberries",
    "package_price" : "$9.40 per 1Kg",
    "package_size" : "300g",
    "price" : 2.82,
    "source" : "Coles",
    "source_short" : "C",
    "stock_code" : "5164399P",
    "thumbnail_url" : "https://shop.coles.com.au//wcsstore/Coles-CAS/images/5/1/6/5164399.jpg",
    "was_price" : 6.22
  },
  "C-5172284P-MilkChocolateBar" : {
    "brand" : "Toblerone",
    "category" : "Pantry",
    "id" : "C-5172284P-MilkChocolateBar",
    "is_valid" : true,
    "key" : "13-12-2017/lists/all/C-5172284P-MilkChocolateBar",
    "key_in_category_list" : "13-12-2017/lists/pantry/C-5172284P-MilkChocolateBar",
    "likes" : 0,
    "name" : "Milk Chocolate Bar",
    "package_price" : "$2.00 per 100G",
    "package_size" : "50g",
    "price" : 1.0,
    "source" : "Coles",
    "source_short" : "C",
    "stock_code" : "5172284P",
    "thumbnail_url" : "https://shop.coles.com.au//wcsstore/Coles-CAS/images/5/1/7/5172284.jpg",
    "was_price" : 2.2
  },
  "C-5216313P-TwirlChocolateBar" : {
    "brand" : "Cadbury",
    "category" : "Pantry",
    "id" : "C-5216313P-TwirlChocolateBar",
    "is_valid" : true,
    "key" : "13-12-2017/lists/all/C-5216313P-TwirlChocolateBar",
    "key_in_category_list" : "13-12-2017/lists/pantry/C-5216313P-TwirlChocolateBar",
    "likes" : 1,
    "name" : "Twirl Chocolate Bar",
    "package_price" : "$2.56 per 100G",
    "package_size" : "39g",
    "price" : 1.0,
    "source" : "Coles",
    "source_short" : "C",
    "stock_code" : "5216313P",
    "thumbnail_url" : "https://shop.coles.com.au//wcsstore/Coles-CAS/images/5/2/1/5216313.jpg",
    "was_price" : 2.2
  },
  "C-5236730P-BalsamicVinegarLeaf" : {
    "brand" : "Mazzetti",
    "category" : "Pantry",
    "id" : "C-5236730P-BalsamicVinegarLeaf",
    "is_valid" : true,
    "key" : "13-12-2017/lists/all/C-5236730P-BalsamicVinegarLeaf",
    "key_in_category_list" : "13-12-2017/lists/pantry/C-5236730P-BalsamicVinegarLeaf",
    "likes" : 6,
    "name" : "Balsamic Vinegar 1 Leaf",
    "package_price" : "$0.59 per 100mL",
    "package_size" : "500mL",
    "price" : 2.97,
    "source" : "Coles",
    "source_short" : "C",
    "stock_code" : "5236730P",
    "thumbnail_url" : "https://shop.coles.com.au//wcsstore/Coles-CAS/images/5/2/3/5236730.jpg",
    "was_price" : 6.55
  },
  "C-5291705P-MensWoolBlendBlackSocksSize" : {
    "brand" : "Explorer",
    "category" : "Clothing",
    "id" : "C-5291705P-MensWoolBlendBlackSocksSize",
    "is_valid" : true,
    "key" : "13-12-2017/lists/all/C-5291705P-MensWoolBlendBlackSocksSize",
    "key_in_category_list" : "13-12-2017/lists/household/C-5291705P-MensWoolBlendBlackSocksSize",
    "likes" : 0,
    "name" : "Mens Wool Blend Black Socks Size 6-10",
    "package_price" : "$7.00 per 1Ea",
    "package_size" : "1 pack",
    "price" : 7.0,
    "source" : "Coles",
    "source_short" : "C",
    "stock_code" : "5291705P",
    "thumbnail_url" : "https://shop.coles.com.au//wcsstore/Coles-CAS/images/5/2/9/5291705.jpg",
    "was_price" : 15.4
  },
  "C-5291716P-MensWoolBlendNavySocksSize" : {
    "brand" : "Explorer",
    "category" : "Clothing",
    "id" : "C-5291716P-MensWoolBlendNavySocksSize",
    "is_valid" : true,
    "key" : "13-12-2017/lists/all/C-5291716P-MensWoolBlendNavySocksSize",
    "key_in_category_list" : "13-12-2017/lists/household/C-5291716P-MensWoolBlendNavySocksSize",
    "likes" : 0,
    "name" : "Mens Wool Blend Navy Socks Size 6-10",
    "package_price" : "$7.00 per 1Ea",
    "package_size" : "1 pack",
    "price" : 7.0,
    "source" : "Coles",
    "source_short" : "C",
    "stock_code" : "5291716P",
    "thumbnail_url" : "https://shop.coles.com.au//wcsstore/Coles-CAS/images/5/2/9/5291716.jpg",
    "was_price" : 15.4
  },
  "C-5294180P-UltraWhitePaperTowels" : {
    "brand" : "Handee",
    "category" : "Household",
    "id" : "C-5294180P-UltraWhitePaperTowels",
    "is_valid" : true,
    "key" : "13-12-2017/lists/all/C-5294180P-UltraWhitePaperTowels",
    "key_in_category_list" : "13-12-2017/lists/household/C-5294180P-UltraWhitePaperTowels",
    "likes" : 28,
    "name" : "Ultra White Paper Towels",
    "package_price" : "$1.46 per 100Ea",
    "package_size" : "2 pack",
    "price" : 1.75,
    "source" : "Coles",
    "source_short" : "C",
    "stock_code" : "5294180P",
    "thumbnail_url" : "https://shop.coles.com.au//wcsstore/Coles-CAS/images/5/2/9/5294180.jpg",
    "was_price" : 3.85
  },
  "C-5325873P-OrangeCansSoftDrinkpack" : {
    "brand" : "Fanta",
    "category" : "Drinks",
    "id" : "C-5325873P-OrangeCansSoftDrinkpack",
    "is_valid" : true,
    "key" : "13-12-2017/lists/all/C-5325873P-OrangeCansSoftDrinkpack",
    "key_in_category_list" : "13-12-2017/lists/drinks/C-5325873P-OrangeCansSoftDrinkpack",
    "likes" : 1,
    "name" : "Orange Cans Soft Drink 24 pack",
    "package_price" : "$1.76 per 1L",
    "package_size" : "375mL",
    "price" : 15.85,
    "source" : "Coles",
    "source_short" : "C",
    "stock_code" : "5325873P",
    "thumbnail_url" : "https://shop.coles.com.au//wcsstore/Coles-CAS/images/5/3/2/5325873.jpg",
    "was_price" : 33.93
  },
  "C-5488379P-PerfectingSheerLightPantyhoseSlimTanTalls" : {
    "brand" : "Razza matazz",
    "category" : "Clothing",
    "id" : "C-5488379P-PerfectingSheerLightPantyhoseSlimTanTalls",
    "is_valid" : true,
    "key" : "13-12-2017/lists/all/C-5488379P-PerfectingSheerLightPantyhoseSlimTanTalls",
    "key_in_category_list" : "13-12-2017/lists/household/C-5488379P-PerfectingSheerLightPantyhoseSlimTanTalls",
    "likes" : 0,
    "name" : "Perfecting Sheer Light Pantyhose Slim Tan Talls",
    "package_price" : "$3.75 per 1ea",
    "package_size" : "1 pack",
    "price" : 3.75,
    "source" : "Coles",
    "source_short" : "C",
    "stock_code" : "5488379P",
    "thumbnail_url" : "https://shop.coles.com.au//wcsstore/Coles-CAS/images/5/4/8/5488379.jpg",
    "was_price" : 8.25
  },
  "C-5488380P-PerfectingSheerLightPantyhoseSlimTanXTall" : {
    "brand" : "Razza matazz",
    "category" : "Clothing",
    "id" : "C-5488380P-PerfectingSheerLightPantyhoseSlimTanXTall",
    "is_valid" : true,
    "key" : "13-12-2017/lists/all/C-5488380P-PerfectingSheerLightPantyhoseSlimTanXTall",
    "key_in_category_list" : "13-12-2017/lists/household/C-5488380P-PerfectingSheerLightPantyhoseSlimTanXTall",
    "likes" : 0,
    "name" : "Perfecting Sheer Light Pantyhose Slim Tan XTall",
    "package_price" : "$3.75 per 1ea",
    "package_size" : "1 pack",
    "price" : 3.75,
    "source" : "Coles",
    "source_short" : "C",
    "stock_code" : "5488380P",
    "thumbnail_url" : "https://shop.coles.com.au//wcsstore/Coles-CAS/images/5/4/8/5488380.jpg",
    "was_price" : 8.25
  },
  "C-5488674P-PerfectingSheerLightPantyhoseSlimNaturalAverage" : {
    "brand" : "Razza matazz",
    "category" : "Clothing",
    "id" : "C-5488674P-PerfectingSheerLightPantyhoseSlimNaturalAverage",
    "is_valid" : true,
    "key" : "13-12-2017/lists/all/C-5488674P-PerfectingSheerLightPantyhoseSlimNaturalAverage",
    "key_in_category_list" : "13-12-2017/lists/household/C-5488674P-PerfectingSheerLightPantyhoseSlimNaturalAverage",
    "likes" : 0,
    "name" : "Perfecting Sheer Light Pantyhose Slim Natural Average",
    "package_price" : "$3.75 per 1ea",
    "package_size" : "1 pack",
    "price" : 3.75,
    "source" : "Coles",
    "source_short" : "C",
    "stock_code" : "5488674P",
    "thumbnail_url" : "https://shop.coles.com.au//wcsstore/Coles-CAS/images/5/4/8/5488674.jpg",
    "was_price" : 8.25
  },
  "C-5488700P-PerfectingSheerLightPantyhoseSlimNaturalTall" : {
    "brand" : "Razza matazz",
    "category" : "Clothing",
    "id" : "C-5488700P-PerfectingSheerLightPantyhoseSlimNaturalTall",
    "is_valid" : true,
    "key" : "13-12-2017/lists/all/C-5488700P-PerfectingSheerLightPantyhoseSlimNaturalTall",
    "key_in_category_list" : "13-12-2017/lists/household/C-5488700P-PerfectingSheerLightPantyhoseSlimNaturalTall",
    "likes" : 0,
    "name" : "Perfecting Sheer Light Pantyhose Slim Natural Tall",
    "package_price" : "$3.75 per 1ea",
    "package_size" : "1 pack",
    "price" : 3.75,
    "source" : "Coles",
    "source_short" : "C",
    "stock_code" : "5488700P",
    "thumbnail_url" : "https://shop.coles.com.au//wcsstore/Coles-CAS/images/5/4/8/5488700.jpg",
    "was_price" : 8.25
  },
  "C-5488710P-PerfectingSheerLightPantyhoseSlimNaturalXTall" : {
    "brand" : "Razza matazz",
    "category" : "Clothing",
    "id" : "C-5488710P-PerfectingSheerLightPantyhoseSlimNaturalXTall",
    "is_valid" : true,
    "key" : "13-12-2017/lists/all/C-5488710P-PerfectingSheerLightPantyhoseSlimNaturalXTall",
    "key_in_category_list" : "13-12-2017/lists/household/C-5488710P-PerfectingSheerLightPantyhoseSlimNaturalXTall",
    "likes" : 0,
    "name" : "Perfecting Sheer Light Pantyhose Slim Natural XTall",
    "package_price" : "$3.75 per 1ea",
    "package_size" : "1 pack",
    "price" : 3.75,
    "source" : "Coles",
    "source_short" : "C",
    "stock_code" : "5488710P",
    "thumbnail_url" : "https://shop.coles.com.au//wcsstore/Coles-CAS/images/5/4/8/5488710.jpg",
    "was_price" : 8.25
  },
  "C-5604301P-MensTrainerSportsSocksAssortedsize" : {
    "brand" : "Bonds",
    "category" : "Clothing",
    "id" : "C-5604301P-MensTrainerSportsSocksAssortedsize",
    "is_valid" : true,
    "key" : "13-12-2017/lists/all/C-5604301P-MensTrainerSportsSocksAssortedsize",
    "key_in_category_list" : "13-12-2017/lists/household/C-5604301P-MensTrainerSportsSocksAssortedsize",
    "likes" : 2,
    "name" : "Mens Trainer Sports Socks Assorted size 11-14",
    "package_price" : "",
    "package_size" : "3 pack",
    "price" : 7.0,
    "source" : "Coles",
    "source_short" : "C",
    "stock_code" : "5604301P",
    "thumbnail_url" : "https://shop.coles.com.au//wcsstore/Coles-CAS/images/5/6/0/5604301.jpg",
    "was_price" : 15.4
  },
  "C-5604684P-MensQuarterSportsSockssize" : {
    "brand" : "Bonds",
    "category" : "Clothing",
    "id" : "C-5604684P-MensQuarterSportsSockssize",
    "is_valid" : true,
    "key" : "13-12-2017/lists/all/C-5604684P-MensQuarterSportsSockssize",
    "key_in_category_list" : "13-12-2017/lists/household/C-5604684P-MensQuarterSportsSockssize",
    "likes" : 0,
    "name" : "Mens Quarter Sports Socks size 7-11",
    "package_price" : "$2.33 per 1Ea",
    "package_size" : "3 pack",
    "price" : 7.0,
    "source" : "Coles",
    "source_short" : "C",
    "stock_code" : "5604684P",
    "thumbnail_url" : "https://shop.coles.com.au//wcsstore/Coles-CAS/images/5/6/0/5604684.jpg",
    "was_price" : 15.4
  },
  "C-5605950P-WomensQuarterLogoCrewSocksAssortedsize" : {
    "brand" : "Bonds",
    "category" : "Clothing",
    "id" : "C-5605950P-WomensQuarterLogoCrewSocksAssortedsize",
    "is_valid" : true,
    "key" : "13-12-2017/lists/all/C-5605950P-WomensQuarterLogoCrewSocksAssortedsize",
    "key_in_category_list" : "13-12-2017/lists/household/C-5605950P-WomensQuarterLogoCrewSocksAssortedsize",
    "likes" : 0,
    "name" : "Womens Quarter Logo Crew Socks Assorted size 2-8",
    "package_price" : "$7.00 per 3Ea",
    "package_size" : "3 pack",
    "price" : 7.0,
    "source" : "Coles",
    "source_short" : "C",
    "stock_code" : "5605950P",
    "thumbnail_url" : "https://shop.coles.com.au//wcsstore/Coles-CAS/images/5/6/0/5605950.jpg",
    "was_price" : 15.4
  },
  "C-5606293P-KidsQuarterCrewSportsSockssize" : {
    "brand" : "Bonds",
    "category" : "Clothing",
    "id" : "C-5606293P-KidsQuarterCrewSportsSockssize",
    "is_valid" : true,
    "key" : "13-12-2017/lists/all/C-5606293P-KidsQuarterCrewSportsSockssize",
    "key_in_category_list" : "13-12-2017/lists/household/C-5606293P-KidsQuarterCrewSportsSockssize",
    "likes" : 0,
    "name" : "Kids Quarter Crew Sports Socks size 13-3",
    "package_price" : "$7.00 per 3Ea",
    "package_size" : "3 pack",
    "price" : 7.0,
    "source" : "Coles",
    "source_short" : "C",
    "stock_code" : "5606293P",
    "thumbnail_url" : "https://shop.coles.com.au//wcsstore/Coles-CAS/images/5/6/0/5606293.jpg",
    "was_price" : 15.4
  },
  "C-5606307P-KidsQuarterCrewSportsSockssize" : {
    "brand" : "Bonds",
    "category" : "Clothing",
    "id" : "C-5606307P-KidsQuarterCrewSportsSockssize",
    "is_valid" : true,
    "key" : "13-12-2017/lists/all/C-5606307P-KidsQuarterCrewSportsSockssize",
    "key_in_category_list" : "13-12-2017/lists/household/C-5606307P-KidsQuarterCrewSportsSockssize",
    "likes" : 0,
    "name" : "Kids Quarter Crew Sports Socks size 2-8",
    "package_price" : "$7.00 per 3Ea",
    "package_size" : "3 pack",
    "price" : 7.0,
    "source" : "Coles",
    "source_short" : "C",
    "stock_code" : "5606307P",
    "thumbnail_url" : "https://shop.coles.com.au//wcsstore/Coles-CAS/images/5/6/0/5606307.jpg",
    "was_price" : 15.4
  },
  "C-5606318P-KidsQuarterCrewSportsAssortedColoursSockssize" : {
    "brand" : "Bonds",
    "category" : "Clothing",
    "id" : "C-5606318P-KidsQuarterCrewSportsAssortedColoursSockssize",
    "is_valid" : true,
    "key" : "13-12-2017/lists/all/C-5606318P-KidsQuarterCrewSportsAssortedColoursSockssize",
    "key_in_category_list" : "13-12-2017/lists/household/C-5606318P-KidsQuarterCrewSportsAssortedColoursSockssize",
    "likes" : 0,
    "name" : "Kids Quarter Crew Sports Assorted Colours Socks size 9-12",
    "package_price" : "$7.00 per 3Ea",
    "package_size" : "3 pack",
    "price" : 7.0,
    "source" : "Coles",
    "source_short" : "C",
    "stock_code" : "5606318P",
    "thumbnail_url" : "https://shop.coles.com.au//wcsstore/Coles-CAS/images/5/6/0/5606318.jpg",
    "was_price" : 15.4
  },
  "C-5618532P-CrackedPepperCrackers" : {
    "brand" : "Carr's",
    "category" : "Pantry",
    "id" : "C-5618532P-CrackedPepperCrackers",
    "is_valid" : true,
    "key" : "13-12-2017/lists/all/C-5618532P-CrackedPepperCrackers",
    "key_in_category_list" : "13-12-2017/lists/pantry/C-5618532P-CrackedPepperCrackers",
    "likes" : 6,
    "name" : "Cracked Pepper Crackers",
    "package_price" : "$0.84 per 100G",
    "package_size" : "125g",
    "price" : 1.05,
    "source" : "Coles",
    "source_short" : "C",
    "stock_code" : "5618532P",
    "thumbnail_url" : "https://shop.coles.com.au//wcsstore/Coles-CAS/images/5/6/1/5618532.jpg",
    "was_price" : 2.31
  },
  "C-5696911P-FootletsTansize" : {
    "brand" : "Bonds",
    "category" : "Clothing",
    "id" : "C-5696911P-FootletsTansize",
    "is_valid" : true,
    "key" : "13-12-2017/lists/all/C-5696911P-FootletsTansize",
    "key_in_category_list" : "13-12-2017/lists/household/C-5696911P-FootletsTansize",
    "likes" : 0,
    "name" : "Footlets Tan size 3-8",
    "package_price" : "$2.00 per 1ea",
    "package_size" : "1 pack",
    "price" : 2.0,
    "source" : "Coles",
    "source_short" : "C",
    "stock_code" : "5696911P",
    "thumbnail_url" : "https://shop.coles.com.au//wcsstore/Coles-CAS/images/5/6/9/5696911.jpg",
    "was_price" : 4.4
  },
  "C-5696922P-NoShowFootletsTansize" : {
    "brand" : "Bonds",
    "category" : "Clothing",
    "id" : "C-5696922P-NoShowFootletsTansize",
    "is_valid" : true,
    "key" : "13-12-2017/lists/all/C-5696922P-NoShowFootletsTansize",
    "key_in_category_list" : "13-12-2017/lists/household/C-5696922P-NoShowFootletsTansize",
    "likes" : 0,
    "name" : "No Show Footlets Tan size 8-11",
    "package_price" : "$2.00 per 1ea",
    "package_size" : "1 pack",
    "price" : 2.0,
    "source" : "Coles",
    "source_short" : "C",
    "stock_code" : "5696922P",
    "thumbnail_url" : "https://shop.coles.com.au//wcsstore/Coles-CAS/images/5/6/9/5696922.jpg",
    "was_price" : 4.4
  },
  "C-5723435P-NoShowFootletsAssortedColourssize" : {
    "brand" : "Bonds",
    "category" : "Clothing",
    "id" : "C-5723435P-NoShowFootletsAssortedColourssize",
    "is_valid" : true,
    "key" : "13-12-2017/lists/all/C-5723435P-NoShowFootletsAssortedColourssize",
    "key_in_category_list" : "13-12-2017/lists/household/C-5723435P-NoShowFootletsAssortedColourssize",
    "likes" : 0,
    "name" : "No Show Footlets Assorted Colours size 4+",
    "package_price" : "$2.50 per 1ea",
    "package_size" : "1 pack",
    "price" : 2.5,
    "source" : "Coles",
    "source_short" : "C",
    "stock_code" : "5723435P",
    "thumbnail_url" : "https://shop.coles.com.au//wcsstore/Coles-CAS/images/5/7/2/5723435.jpg",
    "was_price" : 5.5
  },
  "C-5723504P-NoShowFootletsAssortedColourssize" : {
    "brand" : "Bonds",
    "category" : "Clothing",
    "id" : "C-5723504P-NoShowFootletsAssortedColourssize",
    "is_valid" : true,
    "key" : "13-12-2017/lists/all/C-5723504P-NoShowFootletsAssortedColourssize",
    "key_in_category_list" : "13-12-2017/lists/household/C-5723504P-NoShowFootletsAssortedColourssize",
    "likes" : 0,
    "name" : "No Show Footlets Assorted Colours size 8+",
    "package_price" : "$2.50 per 1ea",
    "package_size" : "1 each",
    "price" : 2.5,
    "source" : "Coles",
    "source_short" : "C",
    "stock_code" : "5723504P",
    "thumbnail_url" : "https://shop.coles.com.au//wcsstore/Coles-CAS/images/5/7/2/5723504.jpg",
    "was_price" : 5.5
  },
  "C-5833477P-OliveOilLight" : {
    "brand" : "La Espanola",
    "category" : "Pantry",
    "id" : "C-5833477P-OliveOilLight",
    "is_valid" : true,
    "key" : "13-12-2017/lists/all/C-5833477P-OliveOilLight",
    "key_in_category_list" : "13-12-2017/lists/pantry/C-5833477P-OliveOilLight",
    "likes" : 0,
    "name" : "Olive Oil Light",
    "package_price" : "$0.90 per 100mL",
    "package_size" : "500mL",
    "price" : 4.5,
    "source" : "Coles",
    "source_short" : "C",
    "stock_code" : "5833477P",
    "thumbnail_url" : "https://shop.coles.com.au//wcsstore/Coles-CAS/images/5/8/3/5833477.jpg",
    "was_price" : 9.9
  },
  "C-5833943P-OliveOilExtraVirgin" : {
    "brand" : "La Espanola",
    "category" : "Pantry",
    "id" : "C-5833943P-OliveOilExtraVirgin",
    "is_valid" : true,
    "key" : "13-12-2017/lists/all/C-5833943P-OliveOilExtraVirgin",
    "key_in_category_list" : "13-12-2017/lists/pantry/C-5833943P-OliveOilExtraVirgin",
    "likes" : 1,
    "name" : "Olive Oil Extra Virgin",
    "package_price" : "$0.90 per 100mL",
    "package_size" : "500mL",
    "price" : 4.5,
    "source" : "Coles",
    "source_short" : "C",
    "stock_code" : "5833943P",
    "thumbnail_url" : "https://shop.coles.com.au//wcsstore/Coles-CAS/images/5/8/3/5833943.jpg",
    "was_price" : 9.9
  },
  "C-5851151P-PittedKalamataOlives" : {
    "brand" : "Sandhurst",
    "category" : "Christmas",
    "id" : "C-5851151P-PittedKalamataOlives",
    "is_valid" : true,
    "key" : "13-12-2017/lists/all/C-5851151P-PittedKalamataOlives",
    "key_in_category_list" : "13-12-2017/lists/christmas/C-5851151P-PittedKalamataOlives",
    "likes" : 0,
    "name" : "Pitted Kalamata Olives",
    "package_price" : "$4.60 per 1Kg",
    "package_size" : "500g",
    "price" : 2.3,
    "source" : "Coles",
    "source_short" : "C",
    "stock_code" : "5851151P",
    "thumbnail_url" : "https://shop.coles.com.au//wcsstore/Coles-CAS/images/5/8/5/5851151.jpg",
    "was_price" : 4.79
  },
  "C-5892953P-CheeseFilledBellPeppers" : {
    "brand" : "Sandhurst",
    "category" : "Pantry",
    "id" : "C-5892953P-CheeseFilledBellPeppers",
    "is_valid" : true,
    "key" : "13-12-2017/lists/all/C-5892953P-CheeseFilledBellPeppers",
    "key_in_category_list" : "13-12-2017/lists/pantry/C-5892953P-CheeseFilledBellPeppers",
    "likes" : 2,
    "name" : "Cheese Filled Bell Peppers",
    "package_price" : "$12.04 per 1Kg",
    "package_size" : "280g",
    "price" : 3.37,
    "source" : "Coles",
    "source_short" : "C",
    "stock_code" : "5892953P",
    "thumbnail_url" : "https://shop.coles.com.au//wcsstore/Coles-CAS/images/5/8/9/5892953.jpg",
    "was_price" : 6.93
  },
  "C-5954187P-StainlessSteelToiletBrushSet" : {
    "brand" : "Oates",
    "category" : "Household",
    "id" : "C-5954187P-StainlessSteelToiletBrushSet",
    "is_valid" : true,
    "key" : "13-12-2017/lists/all/C-5954187P-StainlessSteelToiletBrushSet",
    "key_in_category_list" : "13-12-2017/lists/household/C-5954187P-StainlessSteelToiletBrushSet",
    "likes" : 4,
    "name" : "Stainless Steel Toilet Brush Set",
    "package_price" : "$6.50 per 1Ea",
    "package_size" : "1 each",
    "price" : 6.5,
    "source" : "Coles",
    "source_short" : "C",
    "stock_code" : "5954187P",
    "thumbnail_url" : "https://shop.coles.com.au//wcsstore/Coles-CAS/images/5/9/5/5954187.jpg",
    "was_price" : 14.3
  },
  "C-5960215P-ElastaneOpaqueTightsBlackDenierAverageTalls" : {
    "brand" : "Razza matazz",
    "category" : "Clothing",
    "id" : "C-5960215P-ElastaneOpaqueTightsBlackDenierAverageTalls",
    "is_valid" : true,
    "key" : "13-12-2017/lists/all/C-5960215P-ElastaneOpaqueTightsBlackDenierAverageTalls",
    "key_in_category_list" : "13-12-2017/lists/household/C-5960215P-ElastaneOpaqueTightsBlackDenierAverageTalls",
    "likes" : 0,
    "name" : "Elastane Opaque Tights Black 40 Denier Average-Talls",
    "package_price" : "",
    "package_size" : "1 pack",
    "price" : 3.75,
    "source" : "Coles",
    "source_short" : "C",
    "stock_code" : "5960215P",
    "thumbnail_url" : "https://shop.coles.com.au//wcsstore/Coles-CAS/images/5/9/6/5960215.jpg",
    "was_price" : 8.25
  },
  "C-5960259P-ElastaneOpaqueTightsBlackDenierTallsXTall" : {
    "brand" : "Razza matazz",
    "category" : "Clothing",
    "id" : "C-5960259P-ElastaneOpaqueTightsBlackDenierTallsXTall",
    "is_valid" : true,
    "key" : "13-12-2017/lists/all/C-5960259P-ElastaneOpaqueTightsBlackDenierTallsXTall",
    "key_in_category_list" : "13-12-2017/lists/household/C-5960259P-ElastaneOpaqueTightsBlackDenierTallsXTall",
    "likes" : 0,
    "name" : "Elastane Opaque Tights Black 40 Denier Talls-X Tall",
    "package_price" : "",
    "package_size" : "1 pack",
    "price" : 3.75,
    "source" : "Coles",
    "source_short" : "C",
    "stock_code" : "5960259P",
    "thumbnail_url" : "https://shop.coles.com.au//wcsstore/Coles-CAS/images/5/9/6/5960259.jpg",
    "was_price" : 8.25
  },
  "C-5969322P-TunaWithBeans" : {
    "brand" : "Sirena",
    "category" : "Pantry",
    "id" : "C-5969322P-TunaWithBeans",
    "is_valid" : true,
    "key" : "13-12-2017/lists/all/C-5969322P-TunaWithBeans",
    "key_in_category_list" : "13-12-2017/lists/pantry/C-5969322P-TunaWithBeans",
    "likes" : 2,
    "name" : "Tuna With Beans",
    "package_price" : "$10.81 per 1Kg",
    "package_size" : "185g",
    "price" : 2.0,
    "source" : "Coles",
    "source_short" : "C",
    "stock_code" : "5969322P",
    "thumbnail_url" : "https://shop.coles.com.au//wcsstore/Coles-CAS/images/5/9/6/5969322.jpg",
    "was_price" : 4.4
  },
  "C-6061041P-ChilliTuna" : {
    "brand" : "Sirena",
    "category" : "Pantry",
    "id" : "C-6061041P-ChilliTuna",
    "is_valid" : true,
    "key" : "13-12-2017/lists/all/C-6061041P-ChilliTuna",
    "key_in_category_list" : "13-12-2017/lists/pantry/C-6061041P-ChilliTuna",
    "likes" : 0,
    "name" : "Chilli Tuna",
    "package_price" : "$10.81 per 1Kg",
    "package_size" : "185g",
    "price" : 2.0,
    "source" : "Coles",
    "source_short" : "C",
    "stock_code" : "6061041P",
    "thumbnail_url" : "https://shop.coles.com.au//wcsstore/Coles-CAS/images/6/0/6/6061041.jpg",
    "was_price" : 4.4
  },
  "C-6076581P-BareGlamTintPantyhoseDenierMid" : {
    "brand" : "Razza matazz",
    "category" : "Clothing",
    "id" : "C-6076581P-BareGlamTintPantyhoseDenierMid",
    "is_valid" : true,
    "key" : "13-12-2017/lists/all/C-6076581P-BareGlamTintPantyhoseDenierMid",
    "key_in_category_list" : "13-12-2017/lists/household/C-6076581P-BareGlamTintPantyhoseDenierMid",
    "likes" : 0,
    "name" : "Bare Glam Tint Pantyhose 15 Denier Mid",
    "package_price" : "$4.00 per 1ea",
    "package_size" : "1 pack",
    "price" : 4.0,
    "source" : "Coles",
    "source_short" : "C",
    "stock_code" : "6076581P",
    "thumbnail_url" : "https://shop.coles.com.au//wcsstore/Coles-CAS/images/6/0/7/6076581.jpg",
    "was_price" : 8.8
  },
  "C-6076592P-BareGlamTintPantyhoseDenierTalls" : {
    "brand" : "Razza matazz",
    "category" : "Clothing",
    "id" : "C-6076592P-BareGlamTintPantyhoseDenierTalls",
    "is_valid" : true,
    "key" : "13-12-2017/lists/all/C-6076592P-BareGlamTintPantyhoseDenierTalls",
    "key_in_category_list" : "13-12-2017/lists/household/C-6076592P-BareGlamTintPantyhoseDenierTalls",
    "likes" : 0,
    "name" : "Bare Glam Tint Pantyhose 15 Denier Talls",
    "package_price" : "$4.00 per 1ea",
    "package_size" : "1 pack",
    "price" : 4.0,
    "source" : "Coles",
    "source_short" : "C",
    "stock_code" : "6076592P",
    "thumbnail_url" : "https://shop.coles.com.au//wcsstore/Coles-CAS/images/6/0/7/6076592.jpg",
    "was_price" : 8.8
  },
  "C-6076606P-BareGlamTintPantyhoseDenierXTall" : {
    "brand" : "Razza matazz",
    "category" : "Clothing",
    "id" : "C-6076606P-BareGlamTintPantyhoseDenierXTall",
    "is_valid" : true,
    "key" : "13-12-2017/lists/all/C-6076606P-BareGlamTintPantyhoseDenierXTall",
    "key_in_category_list" : "13-12-2017/lists/household/C-6076606P-BareGlamTintPantyhoseDenierXTall",
    "likes" : 0,
    "name" : "Bare Glam Tint Pantyhose 15 Denier X Tall",
    "package_price" : "$4.00 per 1ea",
    "package_size" : "1 pack",
    "price" : 4.0,
    "source" : "Coles",
    "source_short" : "C",
    "stock_code" : "6076606P",
    "thumbnail_url" : "https://shop.coles.com.au//wcsstore/Coles-CAS/images/6/0/7/6076606.jpg",
    "was_price" : 8.8
  },
  "C-6123808P-SheerReinforcedToeKneeHiDenierBrazen" : {
    "brand" : "Razza matazz",
    "category" : "Clothing",
    "id" : "C-6123808P-SheerReinforcedToeKneeHiDenierBrazen",
    "is_valid" : true,
    "key" : "13-12-2017/lists/all/C-6123808P-SheerReinforcedToeKneeHiDenierBrazen",
    "key_in_category_list" : "13-12-2017/lists/household/C-6123808P-SheerReinforcedToeKneeHiDenierBrazen",
    "likes" : 0,
    "name" : "Sheer Reinforced Toe Knee Hi 15 Denier Brazen",
    "package_price" : "$2.00 per 1ea",
    "package_size" : "2 pack",
    "price" : 2.0,
    "source" : "Coles",
    "source_short" : "C",
    "stock_code" : "6123808P",
    "thumbnail_url" : "https://shop.coles.com.au//wcsstore/Coles-CAS/images/6/1/2/6123808.jpg",
    "was_price" : 4.4
  },
  "C-6123819P-SheerReinforcedToeKneeHiDenierBonezapper" : {
    "brand" : "Razza matazz",
    "category" : "Clothing",
    "id" : "C-6123819P-SheerReinforcedToeKneeHiDenierBonezapper",
    "is_valid" : true,
    "key" : "13-12-2017/lists/all/C-6123819P-SheerReinforcedToeKneeHiDenierBonezapper",
    "key_in_category_list" : "13-12-2017/lists/household/C-6123819P-SheerReinforcedToeKneeHiDenierBonezapper",
    "likes" : 0,
    "name" : "Sheer Reinforced Toe Knee Hi 15 Denier Bonezapper",
    "package_price" : "$2.00 per 1ea",
    "package_size" : "2 pack",
    "price" : 2.0,
    "source" : "Coles",
    "source_short" : "C",
    "stock_code" : "6123819P",
    "thumbnail_url" : "https://shop.coles.com.au//wcsstore/Coles-CAS/images/6/1/2/6123819.jpg",
    "was_price" : 4.4
  },
  "C-6334439P-HighFibreSpaghetti" : {
    "brand" : "Vetta",
    "category" : "Pantry",
    "id" : "C-6334439P-HighFibreSpaghetti",
    "is_valid" : true,
    "key" : "13-12-2017/lists/all/C-6334439P-HighFibreSpaghetti",
    "key_in_category_list" : "13-12-2017/lists/pantry/C-6334439P-HighFibreSpaghetti",
    "likes" : 0,
    "name" : "High Fibre Spaghetti",
    "package_price" : "$0.20 per 100G",
    "package_size" : "500g",
    "price" : 1.0,
    "source" : "Coles",
    "source_short" : "C",
    "stock_code" : "6334439P",
    "thumbnail_url" : "https://shop.coles.com.au//wcsstore/Coles-CAS/images/6/3/3/6334439.jpg",
    "was_price" : 2.26
  },
  "C-6363051P-WomensNoShowLogoSportsSockssize" : {
    "brand" : "Bonds",
    "category" : "Clothing",
    "id" : "C-6363051P-WomensNoShowLogoSportsSockssize",
    "is_valid" : true,
    "key" : "13-12-2017/lists/all/C-6363051P-WomensNoShowLogoSportsSockssize",
    "key_in_category_list" : "13-12-2017/lists/household/C-6363051P-WomensNoShowLogoSportsSockssize",
    "likes" : 0,
    "name" : "Womens No Show Logo Sports Socks size 2-8",
    "package_price" : "$7.00 per 3Ea",
    "package_size" : "3 pack",
    "price" : 7.0,
    "source" : "Coles",
    "source_short" : "C",
    "stock_code" : "6363051P",
    "thumbnail_url" : "https://shop.coles.com.au//wcsstore/Coles-CAS/images/6/3/6/6363051.jpg",
    "was_price" : 15.4
  },
  "C-6478483P-LemonPowerToiletCleanerGel" : {
    "brand" : "White King",
    "category" : "Household",
    "id" : "C-6478483P-LemonPowerToiletCleanerGel",
    "is_valid" : true,
    "key" : "13-12-2017/lists/all/C-6478483P-LemonPowerToiletCleanerGel",
    "key_in_category_list" : "13-12-2017/lists/household/C-6478483P-LemonPowerToiletCleanerGel",
    "likes" : 4,
    "name" : "Lemon Power Toilet Cleaner Gel",
    "package_price" : "$0.31 per 100mL",
    "package_size" : "700mL",
    "price" : 2.2,
    "source" : "Coles",
    "source_short" : "C",
    "stock_code" : "6478483P",
    "thumbnail_url" : "https://shop.coles.com.au//wcsstore/Coles-CAS/images/6/4/7/6478483.jpg",
    "was_price" : 4.84
  },
  "C-6526291P-MPocketGoShaver" : {
    "brand" : "Braun",
    "category" : "Health & Beauty",
    "id" : "C-6526291P-MPocketGoShaver",
    "is_valid" : true,
    "key" : "13-12-2017/lists/all/C-6526291P-MPocketGoShaver",
    "key_in_category_list" : "13-12-2017/lists/beauty/C-6526291P-MPocketGoShaver",
    "likes" : 0,
    "name" : "M-30  Pocket Go Shaver",
    "package_price" : "$13.12 per 1Ea",
    "package_size" : "1 each",
    "price" : 13.12,
    "source" : "Coles",
    "source_short" : "C",
    "stock_code" : "6526291P",
    "thumbnail_url" : "https://shop.coles.com.au//wcsstore/Coles-CAS/images/6/5/2/6526291.jpg",
    "was_price" : 28.88
  },
  "C-6557149P-UltraAlkalineAABatteries" : {
    "brand" : "Duracell",
    "category" : "Christmas",
    "id" : "C-6557149P-UltraAlkalineAABatteries",
    "is_valid" : true,
    "key" : "13-12-2017/lists/all/C-6557149P-UltraAlkalineAABatteries",
    "key_in_category_list" : "13-12-2017/lists/christmas/C-6557149P-UltraAlkalineAABatteries",
    "likes" : 0,
    "name" : "Ultra Alkaline AA Batteries",
    "package_price" : "$0.85 per 1Ea",
    "package_size" : "10 pack",
    "price" : 8.5,
    "source" : "Coles",
    "source_short" : "C",
    "stock_code" : "6557149P",
    "thumbnail_url" : "https://shop.coles.com.au//wcsstore/Coles-CAS/images/6/5/5/6557149.jpg",
    "was_price" : 17.27
  },
  "C-6753497P-BodyShaperTightsOpaqueBlackPetiteMedium" : {
    "brand" : "Razza matazz",
    "category" : "Clothing",
    "id" : "C-6753497P-BodyShaperTightsOpaqueBlackPetiteMedium",
    "is_valid" : true,
    "key" : "13-12-2017/lists/all/C-6753497P-BodyShaperTightsOpaqueBlackPetiteMedium",
    "key_in_category_list" : "13-12-2017/lists/household/C-6753497P-BodyShaperTightsOpaqueBlackPetiteMedium",
    "likes" : 0,
    "name" : "Body Shaper Tights Opaque Black Petite Medium",
    "package_price" : "$6.00 per 1ea",
    "package_size" : "1 pack",
    "price" : 6.0,
    "source" : "Coles",
    "source_short" : "C",
    "stock_code" : "6753497P",
    "thumbnail_url" : "https://shop.coles.com.au//wcsstore/Coles-CAS/images/6/7/5/6753497.jpg",
    "was_price" : 13.2
  },
  "C-6753566P-BodyShaperTightsOpaqueBlackTallsXTall" : {
    "brand" : "Razza matazz",
    "category" : "Clothing",
    "id" : "C-6753566P-BodyShaperTightsOpaqueBlackTallsXTall",
    "is_valid" : true,
    "key" : "13-12-2017/lists/all/C-6753566P-BodyShaperTightsOpaqueBlackTallsXTall",
    "key_in_category_list" : "13-12-2017/lists/household/C-6753566P-BodyShaperTightsOpaqueBlackTallsXTall",
    "likes" : 0,
    "name" : "Body Shaper Tights Opaque Black Talls-X Tall",
    "package_price" : "$6.00 per 1ea",
    "package_size" : "1 pack",
    "price" : 6.0,
    "source" : "Coles",
    "source_short" : "C",
    "stock_code" : "6753566P",
    "thumbnail_url" : "https://shop.coles.com.au//wcsstore/Coles-CAS/images/6/7/5/6753566.jpg",
    "was_price" : 13.2
  },
  "C-6764290P-PairsSparesKneeHiBlackSize" : {
    "brand" : "Razza matazz",
    "category" : "Clothing",
    "id" : "C-6764290P-PairsSparesKneeHiBlackSize",
    "is_valid" : true,
    "key" : "13-12-2017/lists/all/C-6764290P-PairsSparesKneeHiBlackSize",
    "key_in_category_list" : "13-12-2017/lists/household/C-6764290P-PairsSparesKneeHiBlackSize",
    "likes" : 0,
    "name" : "Pairs & Spares Knee Hi Black 1 Size",
    "package_price" : "$2.50 per 1ea",
    "package_size" : "4 pack",
    "price" : 2.5,
    "source" : "Coles",
    "source_short" : "C",
    "stock_code" : "6764290P",
    "thumbnail_url" : "https://shop.coles.com.au//wcsstore/Coles-CAS/images/6/7/6/6764290.jpg",
    "was_price" : 5.5
  },
  "C-6764303P-PairsSparesKneeHiNaturalSize" : {
    "brand" : "Razza matazz",
    "category" : "Clothing",
    "id" : "C-6764303P-PairsSparesKneeHiNaturalSize",
    "is_valid" : true,
    "key" : "13-12-2017/lists/all/C-6764303P-PairsSparesKneeHiNaturalSize",
    "key_in_category_list" : "13-12-2017/lists/household/C-6764303P-PairsSparesKneeHiNaturalSize",
    "likes" : 0,
    "name" : "Pairs & Spares Knee Hi Natural 1 Size",
    "package_price" : "$2.50 per 1ea",
    "package_size" : "4 pack",
    "price" : 2.5,
    "source" : "Coles",
    "source_short" : "C",
    "stock_code" : "6764303P",
    "thumbnail_url" : "https://shop.coles.com.au//wcsstore/Coles-CAS/images/6/7/6/6764303.jpg",
    "was_price" : 5.5
  },
  "C-6781448P-MensLogoBusinessCrewSocksAssortedsize" : {
    "brand" : "Bonds",
    "category" : "Clothing",
    "id" : "C-6781448P-MensLogoBusinessCrewSocksAssortedsize",
    "is_valid" : true,
    "key" : "13-12-2017/lists/all/C-6781448P-MensLogoBusinessCrewSocksAssortedsize",
    "key_in_category_list" : "13-12-2017/lists/household/C-6781448P-MensLogoBusinessCrewSocksAssortedsize",
    "likes" : 0,
    "name" : "Mens Logo Business Crew Socks Assorted size 7-11",
    "package_price" : "",
    "package_size" : "3 pack",
    "price" : 7.0,
    "source" : "Coles",
    "source_short" : "C",
    "stock_code" : "6781448P",
    "thumbnail_url" : "https://shop.coles.com.au//wcsstore/Coles-CAS/images/6/7/8/6781448.jpg",
    "was_price" : 15.4
  },
  "C-67850P-HoneyNougatLog" : {
    "brand" : "Europe",
    "category" : "Pantry",
    "id" : "C-67850P-HoneyNougatLog",
    "is_valid" : true,
    "key" : "13-12-2017/lists/all/C-67850P-HoneyNougatLog",
    "key_in_category_list" : "13-12-2017/lists/pantry/C-67850P-HoneyNougatLog",
    "likes" : 1,
    "name" : "Honey Nougat Log",
    "package_price" : "$2.50 per 100G",
    "package_size" : "40g",
    "price" : 1.0,
    "source" : "Coles",
    "source_short" : "C",
    "stock_code" : "67850P",
    "thumbnail_url" : "https://shop.coles.com.au//wcsstore/Coles-CAS/images/6/7/8/67850.jpg",
    "was_price" : 2.2
  },
  "C-67861P-SummerRoll" : {
    "brand" : "Europe",
    "category" : "Pantry",
    "id" : "C-67861P-SummerRoll",
    "is_valid" : true,
    "key" : "13-12-2017/lists/all/C-67861P-SummerRoll",
    "key_in_category_list" : "13-12-2017/lists/pantry/C-67861P-SummerRoll",
    "likes" : 1,
    "name" : "Summer Roll",
    "package_price" : "$2.50 per 100G",
    "package_size" : "40g",
    "price" : 1.0,
    "source" : "Coles",
    "source_short" : "C",
    "stock_code" : "67861P",
    "thumbnail_url" : "https://shop.coles.com.au//wcsstore/Coles-CAS/images/6/7/8/67861.jpg",
    "was_price" : 2.2
  },
  "C-6787580P-NoShowFootletsBlacksize" : {
    "brand" : "Bonds",
    "category" : "Clothing",
    "id" : "C-6787580P-NoShowFootletsBlacksize",
    "is_valid" : true,
    "key" : "13-12-2017/lists/all/C-6787580P-NoShowFootletsBlacksize",
    "key_in_category_list" : "13-12-2017/lists/household/C-6787580P-NoShowFootletsBlacksize",
    "likes" : 0,
    "name" : "No Show Footlets Black size 4-7",
    "package_price" : "$2.00 per 1ea",
    "package_size" : "1 pack",
    "price" : 2.0,
    "source" : "Coles",
    "source_short" : "C",
    "stock_code" : "6787580P",
    "thumbnail_url" : "https://shop.coles.com.au//wcsstore/Coles-CAS/images/6/7/8/6787580.jpg",
    "was_price" : 4.4
  },
  "C-6787590P-FootletsWhitesize" : {
    "brand" : "Bonds",
    "category" : "Clothing",
    "id" : "C-6787590P-FootletsWhitesize",
    "is_valid" : true,
    "key" : "13-12-2017/lists/all/C-6787590P-FootletsWhitesize",
    "key_in_category_list" : "13-12-2017/lists/household/C-6787590P-FootletsWhitesize",
    "likes" : 1,
    "name" : "Footlets White size 4-11",
    "package_price" : "$2.00 per 1ea",
    "package_size" : "1 pack",
    "price" : 2.0,
    "source" : "Coles",
    "source_short" : "C",
    "stock_code" : "6787590P",
    "thumbnail_url" : "https://shop.coles.com.au//wcsstore/Coles-CAS/images/6/7/8/6787590.jpg",
    "was_price" : 4.4
  },
  "C-67883P-SesameBar" : {
    "brand" : "Europe",
    "category" : "Pantry",
    "id" : "C-67883P-SesameBar",
    "is_valid" : true,
    "key" : "13-12-2017/lists/all/C-67883P-SesameBar",
    "key_in_category_list" : "13-12-2017/lists/pantry/C-67883P-SesameBar",
    "likes" : 0,
    "name" : "Sesame Bar",
    "package_price" : "$2.22 per 100G",
    "package_size" : "45g",
    "price" : 1.0,
    "source" : "Coles",
    "source_short" : "C",
    "stock_code" : "67883P",
    "thumbnail_url" : "https://shop.coles.com.au//wcsstore/Coles-CAS/images/6/7/8/67883.jpg",
    "was_price" : 2.2
  },
  "C-685827P-SheerReliefPantyhoseBeigeAverage" : {
    "brand" : "Kolotex",
    "category" : "Clothing",
    "id" : "C-685827P-SheerReliefPantyhoseBeigeAverage",
    "is_valid" : true,
    "key" : "13-12-2017/lists/all/C-685827P-SheerReliefPantyhoseBeigeAverage",
    "key_in_category_list" : "13-12-2017/lists/household/C-685827P-SheerReliefPantyhoseBeigeAverage",
    "likes" : 0,
    "name" : "Sheer Relief Pantyhose Beige Average",
    "package_price" : "$4.00 per 1ea",
    "package_size" : "1 pack",
    "price" : 4.0,
    "source" : "Coles",
    "source_short" : "C",
    "stock_code" : "685827P",
    "thumbnail_url" : "https://shop.coles.com.au//wcsstore/Coles-CAS/images/6/8/5/685827.jpg",
    "was_price" : 8.8
  },
  "C-6909461P-SunshinePunchFruitDrinkwithVitaminC" : {
    "brand" : "Golden Circle",
    "category" : "Drinks",
    "id" : "C-6909461P-SunshinePunchFruitDrinkwithVitaminC",
    "is_valid" : true,
    "key" : "13-12-2017/lists/all/C-6909461P-SunshinePunchFruitDrinkwithVitaminC",
    "key_in_category_list" : "13-12-2017/lists/drinks/C-6909461P-SunshinePunchFruitDrinkwithVitaminC",
    "likes" : 0,
    "name" : "Sunshine Punch Fruit Drink with Vitamin C",
    "package_price" : "$1.23 per 1L",
    "package_size" : "1L",
    "price" : 1.23,
    "source" : "Coles",
    "source_short" : "C",
    "stock_code" : "6909461P",
    "thumbnail_url" : "https://shop.coles.com.au//wcsstore/Coles-CAS/images/6/9/0/6909461.jpg",
    "was_price" : 2.53
  },
  "C-694034P-SheerReliefPantyhoseBeigeTalls" : {
    "brand" : "Kolotex",
    "category" : "Clothing",
    "id" : "C-694034P-SheerReliefPantyhoseBeigeTalls",
    "is_valid" : true,
    "key" : "13-12-2017/lists/all/C-694034P-SheerReliefPantyhoseBeigeTalls",
    "key_in_category_list" : "13-12-2017/lists/household/C-694034P-SheerReliefPantyhoseBeigeTalls",
    "likes" : 0,
    "name" : "Sheer Relief Pantyhose Beige Talls",
    "package_price" : "$4.00 per 1ea",
    "package_size" : "1 pack",
    "price" : 4.0,
    "source" : "Coles",
    "source_short" : "C",
    "stock_code" : "694034P",
    "thumbnail_url" : "https://shop.coles.com.au//wcsstore/Coles-CAS/images/6/9/4/694034.jpg",
    "was_price" : 8.8
  },
  "C-6991768P-DairyMilkBubblyMintChocolateBar" : {
    "brand" : "Cadbury",
    "category" : "Pantry",
    "id" : "C-6991768P-DairyMilkBubblyMintChocolateBar",
    "is_valid" : true,
    "key" : "13-12-2017/lists/all/C-6991768P-DairyMilkBubblyMintChocolateBar",
    "key_in_category_list" : "13-12-2017/lists/pantry/C-6991768P-DairyMilkBubblyMintChocolateBar",
    "likes" : 0,
    "name" : "Dairy Milk Bubbly Mint Chocolate Bar",
    "package_price" : "$2.50 per 100G",
    "package_size" : "40g",
    "price" : 1.0,
    "source" : "Coles",
    "source_short" : "C",
    "stock_code" : "6991768P",
    "thumbnail_url" : "https://shop.coles.com.au//wcsstore/Coles-CAS/images/6/9/9/6991768.jpg",
    "was_price" : 2.2
  },
  "C-700523P-SheerReliefPantyhoseBeigeXTall" : {
    "brand" : "Kolotex",
    "category" : "Clothing",
    "id" : "C-700523P-SheerReliefPantyhoseBeigeXTall",
    "is_valid" : true,
    "key" : "13-12-2017/lists/all/C-700523P-SheerReliefPantyhoseBeigeXTall",
    "key_in_category_list" : "13-12-2017/lists/household/C-700523P-SheerReliefPantyhoseBeigeXTall",
    "likes" : 0,
    "name" : "Sheer Relief Pantyhose Beige X Tall",
    "package_price" : "$4.00 per 1ea",
    "package_size" : "1 pack",
    "price" : 4.0,
    "source" : "Coles",
    "source_short" : "C",
    "stock_code" : "700523P",
    "thumbnail_url" : "https://shop.coles.com.au//wcsstore/Coles-CAS/images/7/0/0/700523.jpg",
    "was_price" : 8.8
  },
  "C-7029634P-PerfectingSheerSlimPantyhoseDenierBlackAverage" : {
    "brand" : "Razza matazz",
    "category" : "Clothing",
    "id" : "C-7029634P-PerfectingSheerSlimPantyhoseDenierBlackAverage",
    "is_valid" : true,
    "key" : "13-12-2017/lists/all/C-7029634P-PerfectingSheerSlimPantyhoseDenierBlackAverage",
    "key_in_category_list" : "13-12-2017/lists/household/C-7029634P-PerfectingSheerSlimPantyhoseDenierBlackAverage",
    "likes" : 0,
    "name" : "Perfecting Sheer Slim Pantyhose 15 Denier Black Average",
    "package_price" : "$20.00 per 1Kg",
    "package_size" : "1 pack",
    "price" : 4.0,
    "source" : "Coles",
    "source_short" : "C",
    "stock_code" : "7029634P",
    "thumbnail_url" : "https://shop.coles.com.au//wcsstore/Coles-CAS/images/7/0/2/7029634.jpg",
    "was_price" : 8.8
  },
  "C-7029656P-PerfectingSheerSlimPantyhoseDenierBlackTalls" : {
    "brand" : "Razza matazz",
    "category" : "Clothing",
    "id" : "C-7029656P-PerfectingSheerSlimPantyhoseDenierBlackTalls",
    "is_valid" : true,
    "key" : "13-12-2017/lists/all/C-7029656P-PerfectingSheerSlimPantyhoseDenierBlackTalls",
    "key_in_category_list" : "13-12-2017/lists/household/C-7029656P-PerfectingSheerSlimPantyhoseDenierBlackTalls",
    "likes" : 0,
    "name" : "Perfecting Sheer Slim Pantyhose 15 Denier Black Talls",
    "package_price" : "$4.00 per 1ea",
    "package_size" : "1 pack",
    "price" : 4.0,
    "source" : "Coles",
    "source_short" : "C",
    "stock_code" : "7029656P",
    "thumbnail_url" : "https://shop.coles.com.au//wcsstore/Coles-CAS/images/7/0/2/7029656.jpg",
    "was_price" : 8.8
  },
  "C-7029667P-PerfectingSheerSlimPantyhoseDenierBlackXTall" : {
    "brand" : "Razza matazz",
    "category" : "Clothing",
    "id" : "C-7029667P-PerfectingSheerSlimPantyhoseDenierBlackXTall",
    "is_valid" : true,
    "key" : "13-12-2017/lists/all/C-7029667P-PerfectingSheerSlimPantyhoseDenierBlackXTall",
    "key_in_category_list" : "13-12-2017/lists/household/C-7029667P-PerfectingSheerSlimPantyhoseDenierBlackXTall",
    "likes" : 0,
    "name" : "Perfecting Sheer Slim Pantyhose 15 Denier Black X Tall",
    "package_price" : "$4.00 per 1ea",
    "package_size" : "1 pack",
    "price" : 4.0,
    "source" : "Coles",
    "source_short" : "C",
    "stock_code" : "7029667P",
    "thumbnail_url" : "https://shop.coles.com.au//wcsstore/Coles-CAS/images/7/0/2/7029667.jpg",
    "was_price" : 8.8
  },
  "C-7029689P-PerfectingSheerSlimPantyhoseDenierNaturalAverage" : {
    "brand" : "Razza matazz",
    "category" : "Clothing",
    "id" : "C-7029689P-PerfectingSheerSlimPantyhoseDenierNaturalAverage",
    "is_valid" : true,
    "key" : "13-12-2017/lists/all/C-7029689P-PerfectingSheerSlimPantyhoseDenierNaturalAverage",
    "key_in_category_list" : "13-12-2017/lists/household/C-7029689P-PerfectingSheerSlimPantyhoseDenierNaturalAverage",
    "likes" : 0,
    "name" : "Perfecting Sheer Slim Pantyhose 15 Denier Natural Average",
    "package_price" : "$4.00 per 1ea",
    "package_size" : "1 pack",
    "price" : 4.0,
    "source" : "Coles",
    "source_short" : "C",
    "stock_code" : "7029689P",
    "thumbnail_url" : "https://shop.coles.com.au//wcsstore/Coles-CAS/images/7/0/2/7029689.jpg",
    "was_price" : 8.8
  },
  "C-7029703P-PerfectingSheerSlimPantyhoseDenierNaturalTalls" : {
    "brand" : "Razza matazz",
    "category" : "Clothing",
    "id" : "C-7029703P-PerfectingSheerSlimPantyhoseDenierNaturalTalls",
    "is_valid" : true,
    "key" : "13-12-2017/lists/all/C-7029703P-PerfectingSheerSlimPantyhoseDenierNaturalTalls",
    "key_in_category_list" : "13-12-2017/lists/household/C-7029703P-PerfectingSheerSlimPantyhoseDenierNaturalTalls",
    "likes" : 0,
    "name" : "Perfecting Sheer Slim Pantyhose 15 Denier Natural Talls",
    "package_price" : "$4.00 per 1ea",
    "package_size" : "1 pack",
    "price" : 4.0,
    "source" : "Coles",
    "source_short" : "C",
    "stock_code" : "7029703P",
    "thumbnail_url" : "https://shop.coles.com.au//wcsstore/Coles-CAS/images/7/0/2/7029703.jpg",
    "was_price" : 8.8
  },
  "C-7029725P-PerfectingSheerSlimPantyhoseDenierNaturalXTall" : {
    "brand" : "Razza matazz",
    "category" : "Clothing",
    "id" : "C-7029725P-PerfectingSheerSlimPantyhoseDenierNaturalXTall",
    "is_valid" : true,
    "key" : "13-12-2017/lists/all/C-7029725P-PerfectingSheerSlimPantyhoseDenierNaturalXTall",
    "key_in_category_list" : "13-12-2017/lists/household/C-7029725P-PerfectingSheerSlimPantyhoseDenierNaturalXTall",
    "likes" : 0,
    "name" : "Perfecting Sheer Slim Pantyhose 15 Denier Natural XTall",
    "package_price" : "$4.00 per 1ea",
    "package_size" : "1 pack",
    "price" : 4.0,
    "source" : "Coles",
    "source_short" : "C",
    "stock_code" : "7029725P",
    "thumbnail_url" : "https://shop.coles.com.au//wcsstore/Coles-CAS/images/7/0/2/7029725.jpg",
    "was_price" : 8.8
  },
  "C-7109880P-OdourlessFishOilCapsules" : {
    "brand" : "Blackmores",
    "category" : "Healthy Living",
    "id" : "C-7109880P-OdourlessFishOilCapsules",
    "is_valid" : true,
    "key" : "13-12-2017/lists/all/C-7109880P-OdourlessFishOilCapsules",
    "key_in_category_list" : "13-12-2017/lists/living/C-7109880P-OdourlessFishOilCapsules",
    "likes" : 0,
    "name" : "Odourless Fish Oil Capsules",
    "package_price" : "$4.88 per 100Ea",
    "package_size" : "400 pack",
    "price" : 19.5,
    "source" : "Coles",
    "source_short" : "C",
    "stock_code" : "7109880P",
    "thumbnail_url" : "https://shop.coles.com.au//wcsstore/Coles-CAS/images/7/1/0/7109880.jpg",
    "was_price" : 42.9
  },
  "C-7149534P-MensShortKingBlackSocksSize" : {
    "brand" : "Explorer",
    "category" : "Clothing",
    "id" : "C-7149534P-MensShortKingBlackSocksSize",
    "is_valid" : true,
    "key" : "13-12-2017/lists/all/C-7149534P-MensShortKingBlackSocksSize",
    "key_in_category_list" : "13-12-2017/lists/household/C-7149534P-MensShortKingBlackSocksSize",
    "likes" : 0,
    "name" : "Mens Short King Black Socks Size 11-14",
    "package_price" : "$7.00 per 1Ea",
    "package_size" : "1 pack",
    "price" : 7.0,
    "source" : "Coles",
    "source_short" : "C",
    "stock_code" : "7149534P",
    "thumbnail_url" : "https://shop.coles.com.au//wcsstore/Coles-CAS/images/7/1/4/7149534.jpg",
    "was_price" : 15.4
  },
  "C-7174892P-SageOnionStuffing" : {
    "brand" : "Paxo",
    "category" : "Pantry",
    "id" : "C-7174892P-SageOnionStuffing",
    "is_valid" : true,
    "key" : "13-12-2017/lists/all/C-7174892P-SageOnionStuffing",
    "key_in_category_list" : "13-12-2017/lists/pantry/C-7174892P-SageOnionStuffing",
    "likes" : 1,
    "name" : "Sage & Onion Stuffing",
    "package_price" : "$1.45 per 100G",
    "package_size" : "170g",
    "price" : 2.75,
    "source" : "Coles",
    "source_short" : "C",
    "stock_code" : "7174892P",
    "thumbnail_url" : "https://shop.coles.com.au//wcsstore/Coles-CAS/images/7/1/7/7174892.jpg",
    "was_price" : 6.05
  },
  "C-7225723P-ItalianEspressoStyleCoffeeBeans" : {
    "brand" : "Robert Timms",
    "category" : "Pantry",
    "id" : "C-7225723P-ItalianEspressoStyleCoffeeBeans",
    "is_valid" : true,
    "key" : "13-12-2017/lists/all/C-7225723P-ItalianEspressoStyleCoffeeBeans",
    "key_in_category_list" : "13-12-2017/lists/pantry/C-7225723P-ItalianEspressoStyleCoffeeBeans",
    "likes" : 1,
    "name" : "Italian Espresso Style Coffee Beans",
    "package_price" : "$1.03 per 100G",
    "package_size" : "1kg",
    "price" : 10.29,
    "source" : "Coles",
    "source_short" : "C",
    "stock_code" : "7225723P",
    "thumbnail_url" : "https://shop.coles.com.au//wcsstore/Coles-CAS/images/7/2/2/7225723.jpg",
    "was_price" : 22.65
  },
  "C-7265171P-TomatoSauce" : {
    "brand" : "Fountain",
    "category" : "Christmas",
    "id" : "C-7265171P-TomatoSauce",
    "is_valid" : true,
    "key" : "13-12-2017/lists/all/C-7265171P-TomatoSauce",
    "key_in_category_list" : "13-12-2017/lists/christmas/C-7265171P-TomatoSauce",
    "likes" : 0,
    "name" : "Tomato Sauce",
    "package_price" : "$0.15 per 100mL",
    "package_size" : "2L",
    "price" : 3.0,
    "source" : "Coles",
    "source_short" : "C",
    "stock_code" : "7265171P",
    "thumbnail_url" : "https://shop.coles.com.au//wcsstore/Coles-CAS/images/7/2/6/7265171.jpg",
    "was_price" : 6.6
  },
  "C-7340120P-PlyAloeVeraExtraCareFacialTissues" : {
    "brand" : "Kleenex",
    "category" : "Health & Beauty",
    "id" : "C-7340120P-PlyAloeVeraExtraCareFacialTissues",
    "is_valid" : true,
    "key" : "13-12-2017/lists/all/C-7340120P-PlyAloeVeraExtraCareFacialTissues",
    "key_in_category_list" : "13-12-2017/lists/beauty/C-7340120P-PlyAloeVeraExtraCareFacialTissues",
    "likes" : 2,
    "name" : "3 Ply Aloe Vera Extra Care Facial Tissues",
    "package_price" : "$1.37 per 100Ea",
    "package_size" : "140 pack",
    "price" : 1.92,
    "source" : "Coles",
    "source_short" : "C",
    "stock_code" : "7340120P",
    "thumbnail_url" : "https://shop.coles.com.au//wcsstore/Coles-CAS/images/7/3/4/7340120.jpg",
    "was_price" : 4.07
  },
  "C-7365960P-PepsimLCans" : {
    "brand" : "Schweppes",
    "category" : "Christmas",
    "id" : "C-7365960P-PepsimLCans",
    "is_valid" : true,
    "key" : "13-12-2017/lists/all/C-7365960P-PepsimLCans",
    "key_in_category_list" : "13-12-2017/lists/christmas/C-7365960P-PepsimLCans",
    "likes" : 3,
    "name" : "Pepsi 375mL Cans",
    "package_price" : "$1.32 per 1L",
    "package_size" : "24 pack",
    "price" : 11.85,
    "source" : "Coles",
    "source_short" : "C",
    "stock_code" : "7365960P",
    "thumbnail_url" : "https://shop.coles.com.au//wcsstore/Coles-CAS/images/7/3/6/7365960.jpg",
    "was_price" : 26.73
  },
  "C-7366022P-PepsiMaxmLCans" : {
    "brand" : "Schweppes",
    "category" : "Christmas",
    "id" : "C-7366022P-PepsiMaxmLCans",
    "is_valid" : true,
    "key" : "13-12-2017/lists/all/C-7366022P-PepsiMaxmLCans",
    "key_in_category_list" : "13-12-2017/lists/christmas/C-7366022P-PepsiMaxmLCans",
    "likes" : 2,
    "name" : "Pepsi Max 375mL Cans",
    "package_price" : "$1.32 per 1L",
    "package_size" : "24 pack",
    "price" : 11.85,
    "source" : "Coles",
    "source_short" : "C",
    "stock_code" : "7366022P",
    "thumbnail_url" : "https://shop.coles.com.au//wcsstore/Coles-CAS/images/7/3/6/7366022.jpg",
    "was_price" : 26.73
  },
  "C-7392565P-TunainSpringwater" : {
    "brand" : "Sirena",
    "category" : "Pantry",
    "id" : "C-7392565P-TunainSpringwater",
    "is_valid" : true,
    "key" : "13-12-2017/lists/all/C-7392565P-TunainSpringwater",
    "key_in_category_list" : "13-12-2017/lists/pantry/C-7392565P-TunainSpringwater",
    "likes" : 0,
    "name" : "Tuna in Springwater",
    "package_price" : "$10.81 per 1Kg",
    "package_size" : "185g",
    "price" : 2.0,
    "source" : "Coles",
    "source_short" : "C",
    "stock_code" : "7392565P",
    "thumbnail_url" : "https://shop.coles.com.au//wcsstore/Coles-CAS/images/7/3/9/7392565.jpg",
    "was_price" : 4.4
  },
  "C-7429483P-LightSlimmingBriefPantyhoseNaturalAverage" : {
    "brand" : "Razza matazz",
    "category" : "Clothing",
    "id" : "C-7429483P-LightSlimmingBriefPantyhoseNaturalAverage",
    "is_valid" : true,
    "key" : "13-12-2017/lists/all/C-7429483P-LightSlimmingBriefPantyhoseNaturalAverage",
    "key_in_category_list" : "13-12-2017/lists/household/C-7429483P-LightSlimmingBriefPantyhoseNaturalAverage",
    "likes" : 0,
    "name" : "Light Slimming Brief Pantyhose Natural Average",
    "package_price" : "$15.00 per 1Kg",
    "package_size" : "2 pack",
    "price" : 3.0,
    "source" : "Coles",
    "source_short" : "C",
    "stock_code" : "7429483P",
    "thumbnail_url" : "https://shop.coles.com.au//wcsstore/Coles-CAS/images/7/4/2/7429483.jpg",
    "was_price" : 6.6
  },
  "C-7431419P-LightSlimmingBriefPantyhoseBlackAverage" : {
    "brand" : "Razza matazz",
    "category" : "Clothing",
    "id" : "C-7431419P-LightSlimmingBriefPantyhoseBlackAverage",
    "is_valid" : true,
    "key" : "13-12-2017/lists/all/C-7431419P-LightSlimmingBriefPantyhoseBlackAverage",
    "key_in_category_list" : "13-12-2017/lists/household/C-7431419P-LightSlimmingBriefPantyhoseBlackAverage",
    "likes" : 0,
    "name" : "Light Slimming Brief Pantyhose Black Average",
    "package_price" : "$15.00 per 1Kg",
    "package_size" : "2 pack",
    "price" : 3.0,
    "source" : "Coles",
    "source_short" : "C",
    "stock_code" : "7431419P",
    "thumbnail_url" : "https://shop.coles.com.au//wcsstore/Coles-CAS/images/7/4/3/7431419.jpg",
    "was_price" : 6.6
  },
  "C-7431420P-LightSlimmingBriefPantyhoseBlackTalls" : {
    "brand" : "Razza matazz",
    "category" : "Clothing",
    "id" : "C-7431420P-LightSlimmingBriefPantyhoseBlackTalls",
    "is_valid" : true,
    "key" : "13-12-2017/lists/all/C-7431420P-LightSlimmingBriefPantyhoseBlackTalls",
    "key_in_category_list" : "13-12-2017/lists/household/C-7431420P-LightSlimmingBriefPantyhoseBlackTalls",
    "likes" : 0,
    "name" : "Light Slimming Brief Pantyhose Black Talls",
    "package_price" : "$15.00 per 1Kg",
    "package_size" : "2 pack",
    "price" : 3.0,
    "source" : "Coles",
    "source_short" : "C",
    "stock_code" : "7431420P",
    "thumbnail_url" : "https://shop.coles.com.au//wcsstore/Coles-CAS/images/7/4/3/7431420.jpg",
    "was_price" : 6.6
  },
  "C-7431430P-LightSlimmingBriefPantyhoseBlackXTall" : {
    "brand" : "Razza matazz",
    "category" : "Clothing",
    "id" : "C-7431430P-LightSlimmingBriefPantyhoseBlackXTall",
    "is_valid" : true,
    "key" : "13-12-2017/lists/all/C-7431430P-LightSlimmingBriefPantyhoseBlackXTall",
    "key_in_category_list" : "13-12-2017/lists/household/C-7431430P-LightSlimmingBriefPantyhoseBlackXTall",
    "likes" : 0,
    "name" : "Light Slimming Brief Pantyhose Black X Tall",
    "package_price" : "$15.00 per 1Kg",
    "package_size" : "2 pack",
    "price" : 3.0,
    "source" : "Coles",
    "source_short" : "C",
    "stock_code" : "7431430P",
    "thumbnail_url" : "https://shop.coles.com.au//wcsstore/Coles-CAS/images/7/4/3/7431430.jpg",
    "was_price" : 6.6
  },
  "C-7431441P-LightSlimmingBriefPantyhoseNaturalTalls" : {
    "brand" : "Razza matazz",
    "category" : "Clothing",
    "id" : "C-7431441P-LightSlimmingBriefPantyhoseNaturalTalls",
    "is_valid" : true,
    "key" : "13-12-2017/lists/all/C-7431441P-LightSlimmingBriefPantyhoseNaturalTalls",
    "key_in_category_list" : "13-12-2017/lists/household/C-7431441P-LightSlimmingBriefPantyhoseNaturalTalls",
    "likes" : 0,
    "name" : "Light Slimming Brief Pantyhose Natural Talls",
    "package_price" : "$15.00 per 1Kg",
    "package_size" : "2 pack",
    "price" : 3.0,
    "source" : "Coles",
    "source_short" : "C",
    "stock_code" : "7431441P",
    "thumbnail_url" : "https://shop.coles.com.au//wcsstore/Coles-CAS/images/7/4/3/7431441.jpg",
    "was_price" : 6.6
  },
  "C-7431510P-LightSlimmingBriefPantyhoseNaturalXTall" : {
    "brand" : "Razza matazz",
    "category" : "Clothing",
    "id" : "C-7431510P-LightSlimmingBriefPantyhoseNaturalXTall",
    "is_valid" : true,
    "key" : "13-12-2017/lists/all/C-7431510P-LightSlimmingBriefPantyhoseNaturalXTall",
    "key_in_category_list" : "13-12-2017/lists/household/C-7431510P-LightSlimmingBriefPantyhoseNaturalXTall",
    "likes" : 0,
    "name" : "Light Slimming Brief Pantyhose Natural X Tall",
    "package_price" : "$15.00 per 1Kg",
    "package_size" : "2 pack",
    "price" : 3.0,
    "source" : "Coles",
    "source_short" : "C",
    "stock_code" : "7431510P",
    "thumbnail_url" : "https://shop.coles.com.au//wcsstore/Coles-CAS/images/7/4/3/7431510.jpg",
    "was_price" : 6.6
  },
  "C-7432229P-OpaqueTightsDenierBlackSmallMedium" : {
    "brand" : "Razza matazz",
    "category" : "Clothing",
    "id" : "C-7432229P-OpaqueTightsDenierBlackSmallMedium",
    "is_valid" : true,
    "key" : "13-12-2017/lists/all/C-7432229P-OpaqueTightsDenierBlackSmallMedium",
    "key_in_category_list" : "13-12-2017/lists/household/C-7432229P-OpaqueTightsDenierBlackSmallMedium",
    "likes" : 0,
    "name" : "Opaque Tights 120 Denier Black Small/Medium",
    "package_price" : "$6.00 per 1ea",
    "package_size" : "1 pack",
    "price" : 6.0,
    "source" : "Coles",
    "source_short" : "C",
    "stock_code" : "7432229P",
    "thumbnail_url" : "https://shop.coles.com.au//wcsstore/Coles-CAS/images/7/4/3/7432229.jpg",
    "was_price" : 13.2
  },
  "C-7432230P-OpaqueTightsDenierBlackMediumLarge" : {
    "brand" : "Razza matazz",
    "category" : "Clothing",
    "id" : "C-7432230P-OpaqueTightsDenierBlackMediumLarge",
    "is_valid" : true,
    "key" : "13-12-2017/lists/all/C-7432230P-OpaqueTightsDenierBlackMediumLarge",
    "key_in_category_list" : "13-12-2017/lists/household/C-7432230P-OpaqueTightsDenierBlackMediumLarge",
    "likes" : 0,
    "name" : "Opaque Tights 120 Denier Black Medium/Large",
    "package_price" : "",
    "package_size" : "1 pack",
    "price" : 6.0,
    "source" : "Coles",
    "source_short" : "C",
    "stock_code" : "7432230P",
    "thumbnail_url" : "https://shop.coles.com.au//wcsstore/Coles-CAS/images/7/4/3/7432230.jpg",
    "was_price" : 13.2
  },
  "C-7448987P-MensLogoBusinessCrewSocksAssortedsize" : {
    "brand" : "Bonds",
    "category" : "Clothing",
    "id" : "C-7448987P-MensLogoBusinessCrewSocksAssortedsize",
    "is_valid" : true,
    "key" : "13-12-2017/lists/all/C-7448987P-MensLogoBusinessCrewSocksAssortedsize",
    "key_in_category_list" : "13-12-2017/lists/household/C-7448987P-MensLogoBusinessCrewSocksAssortedsize",
    "likes" : 1,
    "name" : "Mens Logo Business Crew Socks Assorted size 11-14",
    "package_price" : "",
    "package_size" : "3 pack",
    "price" : 7.0,
    "source" : "Coles",
    "source_short" : "C",
    "stock_code" : "7448987P",
    "thumbnail_url" : "https://shop.coles.com.au//wcsstore/Coles-CAS/images/7/4/4/7448987.jpg",
    "was_price" : 15.4
  },
  "C-7611079P-SemiDriedTomatoesLite" : {
    "brand" : "Sandhurst",
    "category" : "Pantry",
    "id" : "C-7611079P-SemiDriedTomatoesLite",
    "is_valid" : true,
    "key" : "13-12-2017/lists/all/C-7611079P-SemiDriedTomatoesLite",
    "key_in_category_list" : "13-12-2017/lists/pantry/C-7611079P-SemiDriedTomatoesLite",
    "likes" : 2,
    "name" : "Semi Dried Tomatoes Lite",
    "package_price" : "$9.07 per 1Kg",
    "package_size" : "270g",
    "price" : 2.45,
    "source" : "Coles",
    "source_short" : "C",
    "stock_code" : "7611079P",
    "thumbnail_url" : "https://shop.coles.com.au//wcsstore/Coles-CAS/images/7/6/1/7611079.jpg",
    "was_price" : 5.06
  },
  "C-7665420P-MensLowCutSportsSockssize" : {
    "brand" : "Bonds",
    "category" : "Clothing",
    "id" : "C-7665420P-MensLowCutSportsSockssize",
    "is_valid" : true,
    "key" : "13-12-2017/lists/all/C-7665420P-MensLowCutSportsSockssize",
    "key_in_category_list" : "13-12-2017/lists/household/C-7665420P-MensLowCutSportsSockssize",
    "likes" : 0,
    "name" : "Mens Low Cut Sports Socks size 6-10",
    "package_price" : "$2.33 per 1Ea",
    "package_size" : "3 pack",
    "price" : 7.0,
    "source" : "Coles",
    "source_short" : "C",
    "stock_code" : "7665420P",
    "thumbnail_url" : "https://shop.coles.com.au//wcsstore/Coles-CAS/images/7/6/6/7665420.jpg",
    "was_price" : 15.4
  },
  "C-7665475P-KidsLowCutSportsSockssize" : {
    "brand" : "Bonds",
    "category" : "Clothing",
    "id" : "C-7665475P-KidsLowCutSportsSockssize",
    "is_valid" : true,
    "key" : "13-12-2017/lists/all/C-7665475P-KidsLowCutSportsSockssize",
    "key_in_category_list" : "13-12-2017/lists/household/C-7665475P-KidsLowCutSportsSockssize",
    "likes" : 0,
    "name" : "Kids Low Cut Sports Socks size 9-12",
    "package_price" : "$5.75 per 3Ea",
    "package_size" : "3 pack",
    "price" : 5.75,
    "source" : "Coles",
    "source_short" : "C",
    "stock_code" : "7665475P",
    "thumbnail_url" : "https://shop.coles.com.au//wcsstore/Coles-CAS/images/7/6/6/7665475.jpg",
    "was_price" : 12.65
  },
  "C-7665500P-KidsLowCutSportsSockssize" : {
    "brand" : "Bonds",
    "category" : "Clothing",
    "id" : "C-7665500P-KidsLowCutSportsSockssize",
    "is_valid" : true,
    "key" : "13-12-2017/lists/all/C-7665500P-KidsLowCutSportsSockssize",
    "key_in_category_list" : "13-12-2017/lists/household/C-7665500P-KidsLowCutSportsSockssize",
    "likes" : 0,
    "name" : "Kids Low Cut Sports Socks size 13-3",
    "package_price" : "$5.75 per 3Ea",
    "package_size" : "3 pack",
    "price" : 5.75,
    "source" : "Coles",
    "source_short" : "C",
    "stock_code" : "7665500P",
    "thumbnail_url" : "https://shop.coles.com.au//wcsstore/Coles-CAS/images/7/6/6/7665500.jpg",
    "was_price" : 12.65
  },
  "C-7754134P-UltraAlkalineAAABatteries" : {
    "brand" : "Duracell",
    "category" : "Christmas",
    "id" : "C-7754134P-UltraAlkalineAAABatteries",
    "is_valid" : true,
    "key" : "13-12-2017/lists/all/C-7754134P-UltraAlkalineAAABatteries",
    "key_in_category_list" : "13-12-2017/lists/christmas/C-7754134P-UltraAlkalineAAABatteries",
    "likes" : 0,
    "name" : "Ultra Alkaline AAA Batteries",
    "package_price" : "$1.06 per 1Ea",
    "package_size" : "8 pack",
    "price" : 8.5,
    "source" : "Coles",
    "source_short" : "C",
    "stock_code" : "7754134P",
    "thumbnail_url" : "https://shop.coles.com.au//wcsstore/Coles-CAS/images/7/7/5/7754134.jpg",
    "was_price" : 17.27
  },
  "C-7790921P-WomensLowCutLogoSocksAssortedsize" : {
    "brand" : "Bonds",
    "category" : "Clothing",
    "id" : "C-7790921P-WomensLowCutLogoSocksAssortedsize",
    "is_valid" : true,
    "key" : "13-12-2017/lists/all/C-7790921P-WomensLowCutLogoSocksAssortedsize",
    "key_in_category_list" : "13-12-2017/lists/household/C-7790921P-WomensLowCutLogoSocksAssortedsize",
    "likes" : 0,
    "name" : "Womens Low Cut Logo Socks Assorted size 8-11",
    "package_price" : "",
    "package_size" : "3 pack",
    "price" : 7.0,
    "source" : "Coles",
    "source_short" : "C",
    "stock_code" : "7790921P",
    "thumbnail_url" : "https://shop.coles.com.au//wcsstore/Coles-CAS/images/7/7/9/7790921.jpg",
    "was_price" : 15.4
  },
  "C-7790965P-WomensLowCutLogoSocksAssortedsize" : {
    "brand" : "Bonds",
    "category" : "Clothing",
    "id" : "C-7790965P-WomensLowCutLogoSocksAssortedsize",
    "is_valid" : true,
    "key" : "13-12-2017/lists/all/C-7790965P-WomensLowCutLogoSocksAssortedsize",
    "key_in_category_list" : "13-12-2017/lists/household/C-7790965P-WomensLowCutLogoSocksAssortedsize",
    "likes" : 0,
    "name" : "Womens Low Cut Logo Socks Assorted size 8-11",
    "package_price" : "",
    "package_size" : "3 pack",
    "price" : 7.0,
    "source" : "Coles",
    "source_short" : "C",
    "stock_code" : "7790965P",
    "thumbnail_url" : "https://shop.coles.com.au//wcsstore/Coles-CAS/images/7/7/9/7790965.jpg",
    "was_price" : 15.4
  },
  "C-7791720P-MensLowCutSportsSockssize" : {
    "brand" : "Bonds",
    "category" : "Clothing",
    "id" : "C-7791720P-MensLowCutSportsSockssize",
    "is_valid" : true,
    "key" : "13-12-2017/lists/all/C-7791720P-MensLowCutSportsSockssize",
    "key_in_category_list" : "13-12-2017/lists/household/C-7791720P-MensLowCutSportsSockssize",
    "likes" : 6,
    "name" : "Mens Low Cut Sports Socks size 11-14",
    "package_price" : "$2.33 per 1Ea",
    "package_size" : "3 pack",
    "price" : 7.0,
    "source" : "Coles",
    "source_short" : "C",
    "stock_code" : "7791720P",
    "thumbnail_url" : "https://shop.coles.com.au//wcsstore/Coles-CAS/images/7/7/9/7791720.jpg",
    "was_price" : 15.4
  },
  "C-7910670P-LightlySparklingWaterwithahintofLemon" : {
    "brand" : "Mount Franklin",
    "category" : "Drinks",
    "id" : "C-7910670P-LightlySparklingWaterwithahintofLemon",
    "is_valid" : true,
    "key" : "13-12-2017/lists/all/C-7910670P-LightlySparklingWaterwithahintofLemon",
    "key_in_category_list" : "13-12-2017/lists/drinks/C-7910670P-LightlySparklingWaterwithahintofLemon",
    "likes" : 0,
    "name" : "Lightly Sparkling Water with a hint of Lemon",
    "package_price" : "$1.13 per 1L",
    "package_size" : "1.25L",
    "price" : 1.41,
    "source" : "Coles",
    "source_short" : "C",
    "stock_code" : "7910670P",
    "thumbnail_url" : "https://shop.coles.com.au//wcsstore/Coles-CAS/images/7/9/1/7910670.jpg",
    "was_price" : 3.08
  },
  "C-7912042P-WomensQuarterLogoCrewSocksAssortedsize" : {
    "brand" : "Bonds",
    "category" : "Clothing",
    "id" : "C-7912042P-WomensQuarterLogoCrewSocksAssortedsize",
    "is_valid" : true,
    "key" : "13-12-2017/lists/all/C-7912042P-WomensQuarterLogoCrewSocksAssortedsize",
    "key_in_category_list" : "13-12-2017/lists/household/C-7912042P-WomensQuarterLogoCrewSocksAssortedsize",
    "likes" : 0,
    "name" : "Womens Quarter Logo Crew Socks Assorted size 7-11",
    "package_price" : "$7.00 per 3Ea",
    "package_size" : "3 pack",
    "price" : 7.0,
    "source" : "Coles",
    "source_short" : "C",
    "stock_code" : "7912042P",
    "thumbnail_url" : "https://shop.coles.com.au//wcsstore/Coles-CAS/images/7/9/1/7912042.jpg",
    "was_price" : 15.4
  },
  "C-7912858P-WomensHoleproofLightWeightSocksAssortedsize" : {
    "brand" : "Explorer",
    "category" : "Clothing",
    "id" : "C-7912858P-WomensHoleproofLightWeightSocksAssortedsize",
    "is_valid" : true,
    "key" : "13-12-2017/lists/all/C-7912858P-WomensHoleproofLightWeightSocksAssortedsize",
    "key_in_category_list" : "13-12-2017/lists/household/C-7912858P-WomensHoleproofLightWeightSocksAssortedsize",
    "likes" : 0,
    "name" : "Womens Holeproof Light Weight Socks Assorted size 8-11",
    "package_price" : "",
    "package_size" : "1 pack",
    "price" : 7.0,
    "source" : "Coles",
    "source_short" : "C",
    "stock_code" : "7912858P",
    "thumbnail_url" : "https://shop.coles.com.au//wcsstore/Coles-CAS/images/7/9/1/7912858.jpg",
    "was_price" : 15.4
  },
  "C-8005799P-SheerReliefKneeHiMidBeigeOnesize" : {
    "brand" : "Kolotex",
    "category" : "Clothing",
    "id" : "C-8005799P-SheerReliefKneeHiMidBeigeOnesize",
    "is_valid" : true,
    "key" : "13-12-2017/lists/all/C-8005799P-SheerReliefKneeHiMidBeigeOnesize",
    "key_in_category_list" : "13-12-2017/lists/household/C-8005799P-SheerReliefKneeHiMidBeigeOnesize",
    "likes" : 0,
    "name" : "Sheer Relief Knee Hi Mid Beige One size",
    "package_price" : "$4.00 per 1ea",
    "package_size" : "1 pack",
    "price" : 4.0,
    "source" : "Coles",
    "source_short" : "C",
    "stock_code" : "8005799P",
    "thumbnail_url" : "https://shop.coles.com.au//wcsstore/Coles-CAS/images/8/0/0/8005799.jpg",
    "was_price" : 8.8
  },
  "C-8038233P-NewYorkBodySprayforMen" : {
    "brand" : "Playboy",
    "category" : "Health & Beauty",
    "id" : "C-8038233P-NewYorkBodySprayforMen",
    "is_valid" : true,
    "key" : "13-12-2017/lists/all/C-8038233P-NewYorkBodySprayforMen",
    "key_in_category_list" : "13-12-2017/lists/beauty/C-8038233P-NewYorkBodySprayforMen",
    "likes" : 4,
    "name" : "New York Body Spray for Men",
    "package_price" : "$1.93 per 100mL",
    "package_size" : "150mL",
    "price" : 2.9,
    "source" : "Coles",
    "source_short" : "C",
    "stock_code" : "8038233P",
    "thumbnail_url" : "https://shop.coles.com.au//wcsstore/Coles-CAS/images/8/0/3/8038233.jpg",
    "was_price" : 6.38
  },
  "C-8068744P-CurvaceousPantyhoseValueSheerDenierBlacksize" : {
    "brand" : "Razza matazz",
    "category" : "Clothing",
    "id" : "C-8068744P-CurvaceousPantyhoseValueSheerDenierBlacksize",
    "is_valid" : true,
    "key" : "13-12-2017/lists/all/C-8068744P-CurvaceousPantyhoseValueSheerDenierBlacksize",
    "key_in_category_list" : "13-12-2017/lists/household/C-8068744P-CurvaceousPantyhoseValueSheerDenierBlacksize",
    "likes" : 0,
    "name" : "Curvaceous Pantyhose Value Sheer 15 Denier Black size 2",
    "package_price" : "$3.50 per 1ea",
    "package_size" : "2 pack",
    "price" : 3.5,
    "source" : "Coles",
    "source_short" : "C",
    "stock_code" : "8068744P",
    "thumbnail_url" : "https://shop.coles.com.au//wcsstore/Coles-CAS/images/8/0/6/8068744.jpg",
    "was_price" : 7.7
  },
  "C-8068777P-CurvaceousPantyhoseValueSheerDenierTansize" : {
    "brand" : "Razza matazz",
    "category" : "Clothing",
    "id" : "C-8068777P-CurvaceousPantyhoseValueSheerDenierTansize",
    "is_valid" : true,
    "key" : "13-12-2017/lists/all/C-8068777P-CurvaceousPantyhoseValueSheerDenierTansize",
    "key_in_category_list" : "13-12-2017/lists/household/C-8068777P-CurvaceousPantyhoseValueSheerDenierTansize",
    "likes" : 0,
    "name" : "Curvaceous Pantyhose Value Sheer 15 Denier Tan size 1",
    "package_price" : "$3.50 per 1ea",
    "package_size" : "1 pack",
    "price" : 3.5,
    "source" : "Coles",
    "source_short" : "C",
    "stock_code" : "8068777P",
    "thumbnail_url" : "https://shop.coles.com.au//wcsstore/Coles-CAS/images/8/0/6/8068777.jpg",
    "was_price" : 7.7
  },
  "C-8068788P-CurvaceousPantyhoseValueSheerDenierTansize" : {
    "brand" : "Razza matazz",
    "category" : "Clothing",
    "id" : "C-8068788P-CurvaceousPantyhoseValueSheerDenierTansize",
    "is_valid" : true,
    "key" : "13-12-2017/lists/all/C-8068788P-CurvaceousPantyhoseValueSheerDenierTansize",
    "key_in_category_list" : "13-12-2017/lists/household/C-8068788P-CurvaceousPantyhoseValueSheerDenierTansize",
    "likes" : 0,
    "name" : "Curvaceous Pantyhose Value Sheer 15 Denier Tan size 2",
    "package_price" : "$3.50 per 1ea",
    "package_size" : "2 pack",
    "price" : 3.5,
    "source" : "Coles",
    "source_short" : "C",
    "stock_code" : "8068788P",
    "thumbnail_url" : "https://shop.coles.com.au//wcsstore/Coles-CAS/images/8/0/6/8068788.jpg",
    "was_price" : 7.7
  },
  "C-8099067P-UltiboostOdourlessWildFishOilmgCapsules" : {
    "brand" : "Swisse",
    "category" : "Healthy Living",
    "id" : "C-8099067P-UltiboostOdourlessWildFishOilmgCapsules",
    "is_valid" : true,
    "key" : "13-12-2017/lists/all/C-8099067P-UltiboostOdourlessWildFishOilmgCapsules",
    "key_in_category_list" : "13-12-2017/lists/living/C-8099067P-UltiboostOdourlessWildFishOilmgCapsules",
    "likes" : 0,
    "name" : "Ultiboost Odourless Wild Fish Oil 1000mg Capsules",
    "package_price" : "$0.04 per 1Ea",
    "package_size" : "400 pack",
    "price" : 16.8,
    "source" : "Coles",
    "source_short" : "C",
    "stock_code" : "8099067P",
    "thumbnail_url" : "https://shop.coles.com.au//wcsstore/Coles-CAS/images/8/0/9/8099067.jpg",
    "was_price" : 34.95
  },
  "C-8141447P-BakingPaperNonStickCookingBakingPaper" : {
    "brand" : "Multix",
    "category" : "Household",
    "id" : "C-8141447P-BakingPaperNonStickCookingBakingPaper",
    "is_valid" : true,
    "key" : "13-12-2017/lists/all/C-8141447P-BakingPaperNonStickCookingBakingPaper",
    "key_in_category_list" : "13-12-2017/lists/household/C-8141447P-BakingPaperNonStickCookingBakingPaper",
    "likes" : 6,
    "name" : "Baking Paper Non Stick Cooking & Baking Paper",
    "package_price" : "$0.10 per 1M",
    "package_size" : "50m",
    "price" : 4.97,
    "source" : "Coles",
    "source_short" : "C",
    "stock_code" : "8141447P",
    "thumbnail_url" : "https://shop.coles.com.au//wcsstore/Coles-CAS/images/8/1/4/8141447.jpg",
    "was_price" : 10.95
  },
  "C-8201312P-MensQuarterSportsSockssize" : {
    "brand" : "Bonds",
    "category" : "Clothing",
    "id" : "C-8201312P-MensQuarterSportsSockssize",
    "is_valid" : true,
    "key" : "13-12-2017/lists/all/C-8201312P-MensQuarterSportsSockssize",
    "key_in_category_list" : "13-12-2017/lists/household/C-8201312P-MensQuarterSportsSockssize",
    "likes" : 1,
    "name" : "Mens Quarter Sports Socks size 11-14",
    "package_price" : "$2.33 per 1Ea",
    "package_size" : "3 pack",
    "price" : 7.0,
    "source" : "Coles",
    "source_short" : "C",
    "stock_code" : "8201312P",
    "thumbnail_url" : "https://shop.coles.com.au//wcsstore/Coles-CAS/images/8/2/0/8201312.jpg",
    "was_price" : 15.4
  },
  "C-8346632P-JalapenoChillies" : {
    "brand" : "Sandhurst",
    "category" : "Christmas",
    "id" : "C-8346632P-JalapenoChillies",
    "is_valid" : true,
    "key" : "13-12-2017/lists/all/C-8346632P-JalapenoChillies",
    "key_in_category_list" : "13-12-2017/lists/christmas/C-8346632P-JalapenoChillies",
    "likes" : 0,
    "name" : "Jalapeno Chillies",
    "package_price" : "$6.74 per 1Kg",
    "package_size" : "270g",
    "price" : 1.82,
    "source" : "Coles",
    "source_short" : "C",
    "stock_code" : "8346632P",
    "thumbnail_url" : "https://shop.coles.com.au//wcsstore/Coles-CAS/images/8/3/4/8346632.jpg",
    "was_price" : 3.8
  },
  "C-8424317P-SheerReliefTrouserSockBeigeOnesizeFitsAll" : {
    "brand" : "Kolotex",
    "category" : "Clothing",
    "id" : "C-8424317P-SheerReliefTrouserSockBeigeOnesizeFitsAll",
    "is_valid" : true,
    "key" : "13-12-2017/lists/all/C-8424317P-SheerReliefTrouserSockBeigeOnesizeFitsAll",
    "key_in_category_list" : "13-12-2017/lists/household/C-8424317P-SheerReliefTrouserSockBeigeOnesizeFitsAll",
    "likes" : 0,
    "name" : "Sheer Relief Trouser Sock Beige One size Fits All",
    "package_price" : "$4.00 per 1ea",
    "package_size" : "1 pack",
    "price" : 4.0,
    "source" : "Coles",
    "source_short" : "C",
    "stock_code" : "8424317P",
    "thumbnail_url" : "https://shop.coles.com.au//wcsstore/Coles-CAS/images/8/4/2/8424317.jpg",
    "was_price" : 8.8
  },
  "C-8424328P-SheerReliefTrouserSockBlackOnesizeFitsAll" : {
    "brand" : "Kolotex",
    "category" : "Clothing",
    "id" : "C-8424328P-SheerReliefTrouserSockBlackOnesizeFitsAll",
    "is_valid" : true,
    "key" : "13-12-2017/lists/all/C-8424328P-SheerReliefTrouserSockBlackOnesizeFitsAll",
    "key_in_category_list" : "13-12-2017/lists/household/C-8424328P-SheerReliefTrouserSockBlackOnesizeFitsAll",
    "likes" : 0,
    "name" : "Sheer Relief Trouser Sock Black One size Fits All",
    "package_price" : "$4.00 per 1ea",
    "package_size" : "1 pack",
    "price" : 4.0,
    "source" : "Coles",
    "source_short" : "C",
    "stock_code" : "8424328P",
    "thumbnail_url" : "https://shop.coles.com.au//wcsstore/Coles-CAS/images/8/4/2/8424328.jpg",
    "was_price" : 8.8
  },
  "C-8448891P-ChocolatePowder" : {
    "brand" : "Hi Life Rapid Loss",
    "category" : "Pantry",
    "id" : "C-8448891P-ChocolatePowder",
    "is_valid" : true,
    "key" : "13-12-2017/lists/all/C-8448891P-ChocolatePowder",
    "key_in_category_list" : "13-12-2017/lists/pantry/C-8448891P-ChocolatePowder",
    "likes" : 0,
    "name" : "Chocolate Powder",
    "package_price" : "$2.67 per 100G",
    "package_size" : "750g",
    "price" : 19.99,
    "source" : "Coles",
    "source_short" : "C",
    "stock_code" : "8448891P",
    "thumbnail_url" : "https://shop.coles.com.au//wcsstore/Coles-CAS/images/8/4/4/8448891.jpg",
    "was_price" : 43.99
  },
  "C-8448916P-VanillaPowder" : {
    "brand" : "Hi Life Rapid Loss",
    "category" : "Pantry",
    "id" : "C-8448916P-VanillaPowder",
    "is_valid" : true,
    "key" : "13-12-2017/lists/all/C-8448916P-VanillaPowder",
    "key_in_category_list" : "13-12-2017/lists/pantry/C-8448916P-VanillaPowder",
    "likes" : 0,
    "name" : "Vanilla Powder",
    "package_price" : "$2.67 per 100G",
    "package_size" : "750g",
    "price" : 19.99,
    "source" : "Coles",
    "source_short" : "C",
    "stock_code" : "8448916P",
    "thumbnail_url" : "https://shop.coles.com.au//wcsstore/Coles-CAS/images/8/4/4/8448916.jpg",
    "was_price" : 43.99
  },
  "C-8507877P-SemiSundriedTomatoes" : {
    "brand" : "Sandhurst",
    "category" : "Pantry",
    "id" : "C-8507877P-SemiSundriedTomatoes",
    "is_valid" : true,
    "key" : "13-12-2017/lists/all/C-8507877P-SemiSundriedTomatoes",
    "key_in_category_list" : "13-12-2017/lists/pantry/C-8507877P-SemiSundriedTomatoes",
    "likes" : 3,
    "name" : "Semi Sundried Tomatoes",
    "package_price" : "$9.26 per 1Kg",
    "package_size" : "270g",
    "price" : 2.5,
    "source" : "Coles",
    "source_short" : "C",
    "stock_code" : "8507877P",
    "thumbnail_url" : "https://shop.coles.com.au//wcsstore/Coles-CAS/images/8/5/0/8507877.jpg",
    "was_price" : 5.12
  },
  "C-86866P-TimeOutChocolateBar" : {
    "brand" : "Cadbury",
    "category" : "Pantry",
    "id" : "C-86866P-TimeOutChocolateBar",
    "is_valid" : true,
    "key" : "13-12-2017/lists/all/C-86866P-TimeOutChocolateBar",
    "key_in_category_list" : "13-12-2017/lists/pantry/C-86866P-TimeOutChocolateBar",
    "likes" : 0,
    "name" : "Time Out Chocolate Bar",
    "package_price" : "$2.50 per 100G",
    "package_size" : "40g",
    "price" : 1.0,
    "source" : "Coles",
    "source_short" : "C",
    "stock_code" : "86866P",
    "thumbnail_url" : "https://shop.coles.com.au//wcsstore/Coles-CAS/images/8/6/8/86866.jpg",
    "was_price" : 2.2
  },
  "C-8731236P-LindorMilkChocolateBallsGiftBox" : {
    "brand" : "Lindt",
    "category" : "Pantry",
    "id" : "C-8731236P-LindorMilkChocolateBallsGiftBox",
    "is_valid" : true,
    "key" : "13-12-2017/lists/all/C-8731236P-LindorMilkChocolateBallsGiftBox",
    "key_in_category_list" : "13-12-2017/lists/pantry/C-8731236P-LindorMilkChocolateBallsGiftBox",
    "likes" : 0,
    "name" : "Lindor Milk Chocolate Balls Gift Box",
    "package_price" : "$4.04 per 100G",
    "package_size" : "235g",
    "price" : 9.5,
    "source" : "Coles",
    "source_short" : "C",
    "stock_code" : "8731236P",
    "thumbnail_url" : "https://shop.coles.com.au//wcsstore/Coles-CAS/images/8/7/3/8731236.jpg",
    "was_price" : 20.9
  },
  "C-8731258P-LindorAssortedChocolateBallsGiftBox" : {
    "brand" : "Lindt",
    "category" : "Pantry",
    "id" : "C-8731258P-LindorAssortedChocolateBallsGiftBox",
    "is_valid" : true,
    "key" : "13-12-2017/lists/all/C-8731258P-LindorAssortedChocolateBallsGiftBox",
    "key_in_category_list" : "13-12-2017/lists/pantry/C-8731258P-LindorAssortedChocolateBallsGiftBox",
    "likes" : 1,
    "name" : "Lindor Assorted Chocolate Balls Gift Box",
    "package_price" : "$4.04 per 100G",
    "package_size" : "235g",
    "price" : 9.5,
    "source" : "Coles",
    "source_short" : "C",
    "stock_code" : "8731258P",
    "thumbnail_url" : "https://shop.coles.com.au//wcsstore/Coles-CAS/images/8/7/3/8731258.jpg",
    "was_price" : 20.9
  },
  "C-8733876P-TraditionalSqueezableMayonnaise" : {
    "brand" : "Praise",
    "category" : "Pantry",
    "id" : "C-8733876P-TraditionalSqueezableMayonnaise",
    "is_valid" : true,
    "key" : "13-12-2017/lists/all/C-8733876P-TraditionalSqueezableMayonnaise",
    "key_in_category_list" : "13-12-2017/lists/pantry/C-8733876P-TraditionalSqueezableMayonnaise",
    "likes" : 10,
    "name" : "Traditional Squeezable Mayonnaise",
    "package_price" : "$0.47 per 100G",
    "package_size" : "365g",
    "price" : 1.7,
    "source" : "Coles",
    "source_short" : "C",
    "stock_code" : "8733876P",
    "thumbnail_url" : "https://shop.coles.com.au//wcsstore/Coles-CAS/images/8/7/3/8733876.jpg",
    "was_price" : 3.74
  },
  "C-8735292P-SqueezableMayonnaiseFatFree" : {
    "brand" : "Praise",
    "category" : "Pantry",
    "id" : "C-8735292P-SqueezableMayonnaiseFatFree",
    "is_valid" : true,
    "key" : "13-12-2017/lists/all/C-8735292P-SqueezableMayonnaiseFatFree",
    "key_in_category_list" : "13-12-2017/lists/pantry/C-8735292P-SqueezableMayonnaiseFatFree",
    "likes" : 0,
    "name" : "Squeezable Mayonnaise 99% Fat Free",
    "package_price" : "$0.41 per 100G",
    "package_size" : "410g",
    "price" : 1.7,
    "source" : "Coles",
    "source_short" : "C",
    "stock_code" : "8735292P",
    "thumbnail_url" : "https://shop.coles.com.au//wcsstore/Coles-CAS/images/8/7/3/8735292.jpg",
    "was_price" : 3.74
  },
  "C-8966692P-ValueAnkletSocksBlack" : {
    "brand" : "Razza matazz",
    "category" : "Clothing",
    "id" : "C-8966692P-ValueAnkletSocksBlack",
    "is_valid" : true,
    "key" : "13-12-2017/lists/all/C-8966692P-ValueAnkletSocksBlack",
    "key_in_category_list" : "13-12-2017/lists/household/C-8966692P-ValueAnkletSocksBlack",
    "likes" : 0,
    "name" : "Value Anklet Socks Black",
    "package_price" : "$1.50 per 1ea",
    "package_size" : "2 pack",
    "price" : 1.5,
    "source" : "Coles",
    "source_short" : "C",
    "stock_code" : "8966692P",
    "thumbnail_url" : "https://shop.coles.com.au//wcsstore/Coles-CAS/images/8/9/6/8966692.jpg",
    "was_price" : 3.3
  },
  "C-8966728P-ValueAnkletSocksTan" : {
    "brand" : "Razza matazz",
    "category" : "Clothing",
    "id" : "C-8966728P-ValueAnkletSocksTan",
    "is_valid" : true,
    "key" : "13-12-2017/lists/all/C-8966728P-ValueAnkletSocksTan",
    "key_in_category_list" : "13-12-2017/lists/household/C-8966728P-ValueAnkletSocksTan",
    "likes" : 0,
    "name" : "Value Anklet Socks Tan",
    "package_price" : "$1.50 per 1ea",
    "package_size" : "2 pack",
    "price" : 1.5,
    "source" : "Coles",
    "source_short" : "C",
    "stock_code" : "8966728P",
    "thumbnail_url" : "https://shop.coles.com.au//wcsstore/Coles-CAS/images/8/9/6/8966728.jpg",
    "was_price" : 3.3
  },
  "C-9058859P-StrapzwithRealBeefDogTreats" : {
    "brand" : "Schmackos",
    "category" : "Pet",
    "id" : "C-9058859P-StrapzwithRealBeefDogTreats",
    "is_valid" : true,
    "key" : "13-12-2017/lists/all/C-9058859P-StrapzwithRealBeefDogTreats",
    "key_in_category_list" : "13-12-2017/lists/pet/C-9058859P-StrapzwithRealBeefDogTreats",
    "likes" : 1,
    "name" : "Strapz with Real Beef Dog Treats",
    "package_price" : "$1.17 per 100G",
    "package_size" : "500g",
    "price" : 5.85,
    "source" : "Coles",
    "source_short" : "C",
    "stock_code" : "9058859P",
    "thumbnail_url" : "https://shop.coles.com.au//wcsstore/Coles-CAS/images/9/0/5/9058859.jpg",
    "was_price" : 12.65
  },
  "C-9185801P-RosesChocolateGiftBox" : {
    "brand" : "Cadbury",
    "category" : "Pantry",
    "id" : "C-9185801P-RosesChocolateGiftBox",
    "is_valid" : true,
    "key" : "13-12-2017/lists/all/C-9185801P-RosesChocolateGiftBox",
    "key_in_category_list" : "13-12-2017/lists/pantry/C-9185801P-RosesChocolateGiftBox",
    "likes" : 2,
    "name" : "Roses Chocolate Gift Box",
    "package_price" : "$1.72 per 100G",
    "package_size" : "450g",
    "price" : 7.75,
    "source" : "Coles",
    "source_short" : "C",
    "stock_code" : "9185801P",
    "thumbnail_url" : "https://shop.coles.com.au//wcsstore/Coles-CAS/images/9/1/8/9185801.jpg",
    "was_price" : 17.05
  },
  "C-9186065P-MarvellousCreationsJellyPoppingCandyBeaniesChocolateBar" : {
    "brand" : "Cadbury",
    "category" : "Pantry",
    "id" : "C-9186065P-MarvellousCreationsJellyPoppingCandyBeaniesChocolateBar",
    "is_valid" : true,
    "key" : "13-12-2017/lists/all/C-9186065P-MarvellousCreationsJellyPoppingCandyBeaniesChocolateBar",
    "key_in_category_list" : "13-12-2017/lists/pantry/C-9186065P-MarvellousCreationsJellyPoppingCandyBeaniesChocolateBar",
    "likes" : 0,
    "name" : "Marvellous Creations Jelly Popping Candy Beanies Chocolate Bar",
    "package_price" : "$2.00 per 100G",
    "package_size" : "50g",
    "price" : 1.0,
    "source" : "Coles",
    "source_short" : "C",
    "stock_code" : "9186065P",
    "thumbnail_url" : "https://shop.coles.com.au//wcsstore/Coles-CAS/images/9/1/8/9186065.jpg",
    "was_price" : 2.2
  },
  "C-9190233P-SheerReliefAnkletBlackOnesizeFitsAll" : {
    "brand" : "Kolotex",
    "category" : "Clothing",
    "id" : "C-9190233P-SheerReliefAnkletBlackOnesizeFitsAll",
    "is_valid" : true,
    "key" : "13-12-2017/lists/all/C-9190233P-SheerReliefAnkletBlackOnesizeFitsAll",
    "key_in_category_list" : "13-12-2017/lists/household/C-9190233P-SheerReliefAnkletBlackOnesizeFitsAll",
    "likes" : 0,
    "name" : "Sheer Relief Anklet Black One size Fits All",
    "package_price" : "$4.00 per 1ea",
    "package_size" : "1 pack",
    "price" : 4.0,
    "source" : "Coles",
    "source_short" : "C",
    "stock_code" : "9190233P",
    "thumbnail_url" : "https://shop.coles.com.au//wcsstore/Coles-CAS/images/9/1/9/9190233.jpg",
    "was_price" : 8.8
  },
  "C-9259453P-FrozenPittedCherries" : {
    "brand" : "Creative Gourmet",
    "category" : "Frozen",
    "id" : "C-9259453P-FrozenPittedCherries",
    "is_valid" : true,
    "key" : "13-12-2017/lists/all/C-9259453P-FrozenPittedCherries",
    "key_in_category_list" : "13-12-2017/lists/frozen/C-9259453P-FrozenPittedCherries",
    "likes" : 1,
    "name" : "Frozen Pitted Cherries",
    "package_price" : "$9.40 per 1Kg",
    "package_size" : "300g",
    "price" : 2.82,
    "source" : "Coles",
    "source_short" : "C",
    "stock_code" : "9259453P",
    "thumbnail_url" : "https://shop.coles.com.au//wcsstore/Coles-CAS/images/9/2/5/9259453.jpg",
    "was_price" : 6.22
  },
  "C-9294931P-MensTrainerSportsSocksAssortedsize" : {
    "brand" : "Bonds",
    "category" : "Clothing",
    "id" : "C-9294931P-MensTrainerSportsSocksAssortedsize",
    "is_valid" : true,
    "key" : "13-12-2017/lists/all/C-9294931P-MensTrainerSportsSocksAssortedsize",
    "key_in_category_list" : "13-12-2017/lists/household/C-9294931P-MensTrainerSportsSocksAssortedsize",
    "likes" : 0,
    "name" : "Mens Trainer Sports Socks Assorted size 7-11",
    "package_price" : "$7.00 per 3Ea",
    "package_size" : "3 pack",
    "price" : 7.0,
    "source" : "Coles",
    "source_short" : "C",
    "stock_code" : "9294931P",
    "thumbnail_url" : "https://shop.coles.com.au//wcsstore/Coles-CAS/images/9/2/9/9294931.jpg",
    "was_price" : 15.4
  },
  "C-9314482P-MensWoolNavySocksSize" : {
    "brand" : "Explorer",
    "category" : "Clothing",
    "id" : "C-9314482P-MensWoolNavySocksSize",
    "is_valid" : true,
    "key" : "13-12-2017/lists/all/C-9314482P-MensWoolNavySocksSize",
    "key_in_category_list" : "13-12-2017/lists/household/C-9314482P-MensWoolNavySocksSize",
    "likes" : 0,
    "name" : "Mens Wool Navy Socks Size 11-14",
    "package_price" : "$7.00 per 1Ea",
    "package_size" : "1 pack",
    "price" : 7.0,
    "source" : "Coles",
    "source_short" : "C",
    "stock_code" : "9314482P",
    "thumbnail_url" : "https://shop.coles.com.au//wcsstore/Coles-CAS/images/9/3/1/9314482.jpg",
    "was_price" : 15.4
  },
  "C-9391574P-SoloLemonmLCans" : {
    "brand" : "Schweppes",
    "category" : "Christmas",
    "id" : "C-9391574P-SoloLemonmLCans",
    "is_valid" : true,
    "key" : "13-12-2017/lists/all/C-9391574P-SoloLemonmLCans",
    "key_in_category_list" : "13-12-2017/lists/christmas/C-9391574P-SoloLemonmLCans",
    "likes" : 1,
    "name" : "Solo Lemon 375mL Cans",
    "package_price" : "$1.32 per 1L",
    "package_size" : "24 pack",
    "price" : 11.85,
    "source" : "Coles",
    "source_short" : "C",
    "stock_code" : "9391574P",
    "thumbnail_url" : "https://shop.coles.com.au//wcsstore/Coles-CAS/images/9/3/9/9391574.jpg",
    "was_price" : 26.73
  },
  "C-9391596P-SunkistOrangeCrushmLCans" : {
    "brand" : "Schweppes",
    "category" : "Drinks",
    "id" : "C-9391596P-SunkistOrangeCrushmLCans",
    "is_valid" : true,
    "key" : "13-12-2017/lists/all/C-9391596P-SunkistOrangeCrushmLCans",
    "key_in_category_list" : "13-12-2017/lists/drinks/C-9391596P-SunkistOrangeCrushmLCans",
    "likes" : 3,
    "name" : "Sunkist Orange Crush 375mL Cans",
    "package_price" : "$1.32 per 1L",
    "package_size" : "24 pack",
    "price" : 11.85,
    "source" : "Coles",
    "source_short" : "C",
    "stock_code" : "9391596P",
    "thumbnail_url" : "https://shop.coles.com.au//wcsstore/Coles-CAS/images/9/3/9/9391596.jpg",
    "was_price" : 26.73
  },
  "C-9513445P-PrawnHargowGram" : {
    "brand" : "Mr Chen's",
    "category" : "Frozen",
    "id" : "C-9513445P-PrawnHargowGram",
    "is_valid" : true,
    "key" : "13-12-2017/lists/all/C-9513445P-PrawnHargowGram",
    "key_in_category_list" : "13-12-2017/lists/frozen/C-9513445P-PrawnHargowGram",
    "likes" : 0,
    "name" : "Prawn Hargow 300 Gram",
    "package_price" : "$1.25 per 100G",
    "package_size" : "300g",
    "price" : 3.75,
    "source" : "Coles",
    "source_short" : "C",
    "stock_code" : "9513445P",
    "thumbnail_url" : "https://shop.coles.com.au//wcsstore/Coles-CAS/images/9/5/1/9513445.jpg",
    "was_price" : 8.25
  },
  "C-9513467P-SteamSelectionGram" : {
    "brand" : "Mr Chen's",
    "category" : "Frozen",
    "id" : "C-9513467P-SteamSelectionGram",
    "is_valid" : true,
    "key" : "13-12-2017/lists/all/C-9513467P-SteamSelectionGram",
    "key_in_category_list" : "13-12-2017/lists/frozen/C-9513467P-SteamSelectionGram",
    "likes" : 1,
    "name" : "Steam Selection 240 Gram",
    "package_price" : "$1.56 per 100G",
    "package_size" : "240g",
    "price" : 3.75,
    "source" : "Coles",
    "source_short" : "C",
    "stock_code" : "9513467P",
    "thumbnail_url" : "https://shop.coles.com.au//wcsstore/Coles-CAS/images/9/5/1/9513467.jpg",
    "was_price" : 8.25
  },
  "C-9538912P-StrapzwithRealLiverDogTreats" : {
    "brand" : "Schmackos",
    "category" : "Pet",
    "id" : "C-9538912P-StrapzwithRealLiverDogTreats",
    "is_valid" : true,
    "key" : "13-12-2017/lists/all/C-9538912P-StrapzwithRealLiverDogTreats",
    "key_in_category_list" : "13-12-2017/lists/pet/C-9538912P-StrapzwithRealLiverDogTreats",
    "likes" : 1,
    "name" : "Strapz with Real Liver Dog Treats",
    "package_price" : "$1.17 per 100G",
    "package_size" : "500g",
    "price" : 5.85,
    "source" : "Coles",
    "source_short" : "C",
    "stock_code" : "9538912P",
    "thumbnail_url" : "https://shop.coles.com.au//wcsstore/Coles-CAS/images/9/5/3/9538912.jpg",
    "was_price" : 12.65
  },
  "C-9626088P-PairsSparesKneeHiBlackSize" : {
    "brand" : "Razza matazz",
    "category" : "Clothing",
    "id" : "C-9626088P-PairsSparesKneeHiBlackSize",
    "is_valid" : true,
    "key" : "13-12-2017/lists/all/C-9626088P-PairsSparesKneeHiBlackSize",
    "key_in_category_list" : "13-12-2017/lists/household/C-9626088P-PairsSparesKneeHiBlackSize",
    "likes" : 0,
    "name" : "Pairs & Spares Knee Hi Black 1 Size",
    "package_price" : "$2.50 per 1ea",
    "package_size" : "2 pack",
    "price" : 2.5,
    "source" : "Coles",
    "source_short" : "C",
    "stock_code" : "9626088P",
    "thumbnail_url" : "https://shop.coles.com.au//wcsstore/Coles-CAS/images/9/6/2/9626088.jpg",
    "was_price" : 5.5
  },
  "C-9666800P-FrozenCocktailPuffyDogspack" : {
    "brand" : "Marathon",
    "category" : "Christmas",
    "id" : "C-9666800P-FrozenCocktailPuffyDogspack",
    "is_valid" : true,
    "key" : "13-12-2017/lists/all/C-9666800P-FrozenCocktailPuffyDogspack",
    "key_in_category_list" : "13-12-2017/lists/christmas/C-9666800P-FrozenCocktailPuffyDogspack",
    "likes" : 4,
    "name" : "Frozen Cocktail Puffy Dogs 20 pack",
    "package_price" : "$0.50 per 100G",
    "package_size" : "600g",
    "price" : 2.97,
    "source" : "Coles",
    "source_short" : "C",
    "stock_code" : "9666800P",
    "thumbnail_url" : "https://shop.coles.com.au//wcsstore/Coles-CAS/images/9/6/6/9666800.jpg",
    "was_price" : 6.55
  },
  "C-9668237P-MediumDentastixDogTreat" : {
    "brand" : "Pedigree",
    "category" : "Pet",
    "id" : "C-9668237P-MediumDentastixDogTreat",
    "is_valid" : true,
    "key" : "13-12-2017/lists/all/C-9668237P-MediumDentastixDogTreat",
    "key_in_category_list" : "13-12-2017/lists/pet/C-9668237P-MediumDentastixDogTreat",
    "likes" : 3,
    "name" : "Medium Dentastix Dog Treat",
    "package_price" : "$1.44 per 100G",
    "package_size" : "7 pack",
    "price" : 2.6,
    "source" : "Coles",
    "source_short" : "C",
    "stock_code" : "9668237P",
    "thumbnail_url" : "https://shop.coles.com.au//wcsstore/Coles-CAS/images/9/6/6/9668237.jpg",
    "was_price" : 5.72
  },
  "C-9735935P-SuperStrengthLemonDishwashingLiquid" : {
    "brand" : "Morning Fresh",
    "category" : "Household",
    "id" : "C-9735935P-SuperStrengthLemonDishwashingLiquid",
    "is_valid" : true,
    "key" : "13-12-2017/lists/all/C-9735935P-SuperStrengthLemonDishwashingLiquid",
    "key_in_category_list" : "13-12-2017/lists/household/C-9735935P-SuperStrengthLemonDishwashingLiquid",
    "likes" : 2,
    "name" : "Super Strength Lemon Dishwashing Liquid",
    "package_price" : "$0.39 per 100mL",
    "package_size" : "900mL",
    "price" : 3.47,
    "source" : "Coles",
    "source_short" : "C",
    "stock_code" : "9735935P",
    "thumbnail_url" : "https://shop.coles.com.au//wcsstore/Coles-CAS/images/9/7/3/9735935.jpg",
    "was_price" : 7.65
  },
  "C-9736075P-SuperStrengthOriginalDishwashingLiquid" : {
    "brand" : "Morning Fresh",
    "category" : "Household",
    "id" : "C-9736075P-SuperStrengthOriginalDishwashingLiquid",
    "is_valid" : true,
    "key" : "13-12-2017/lists/all/C-9736075P-SuperStrengthOriginalDishwashingLiquid",
    "key_in_category_list" : "13-12-2017/lists/household/C-9736075P-SuperStrengthOriginalDishwashingLiquid",
    "likes" : 4,
    "name" : "Super Strength Original Dishwashing Liquid",
    "package_price" : "$0.39 per 100mL",
    "package_size" : "900mL",
    "price" : 3.47,
    "source" : "Coles",
    "source_short" : "C",
    "stock_code" : "9736075P",
    "thumbnail_url" : "https://shop.coles.com.au//wcsstore/Coles-CAS/images/9/7/3/9736075.jpg",
    "was_price" : 7.65
  },
  "C-9763227P-ArtichokesHeartsFatFree" : {
    "brand" : "Sandhurst",
    "category" : "Pantry",
    "id" : "C-9763227P-ArtichokesHeartsFatFree",
    "is_valid" : true,
    "key" : "13-12-2017/lists/all/C-9763227P-ArtichokesHeartsFatFree",
    "key_in_category_list" : "13-12-2017/lists/pantry/C-9763227P-ArtichokesHeartsFatFree",
    "likes" : 1,
    "name" : "Artichokes Hearts Fat Free",
    "package_price" : "$7.32 per 1Kg",
    "package_size" : "280g",
    "price" : 2.05,
    "source" : "Coles",
    "source_short" : "C",
    "stock_code" : "9763227P",
    "thumbnail_url" : "https://shop.coles.com.au//wcsstore/Coles-CAS/images/9/7/6/9763227.jpg",
    "was_price" : 4.13
  },
  "C-9825685P-ChocolateSeaShells" : {
    "brand" : "Guylian",
    "category" : "Pantry",
    "id" : "C-9825685P-ChocolateSeaShells",
    "is_valid" : true,
    "key" : "13-12-2017/lists/all/C-9825685P-ChocolateSeaShells",
    "key_in_category_list" : "13-12-2017/lists/pantry/C-9825685P-ChocolateSeaShells",
    "likes" : 2,
    "name" : "Chocolate Sea Shells",
    "package_price" : "$3.20 per 100G",
    "package_size" : "250g",
    "price" : 8.0,
    "source" : "Coles",
    "source_short" : "C",
    "stock_code" : "9825685P",
    "thumbnail_url" : "https://shop.coles.com.au//wcsstore/Coles-CAS/images/9/8/2/9825685.jpg",
    "was_price" : 17.6
  },
  "C-9886657P-LightlySparklingWaterwithahintofLimeBottle" : {
    "brand" : "Mount Franklin",
    "category" : "Christmas",
    "id" : "C-9886657P-LightlySparklingWaterwithahintofLimeBottle",
    "is_valid" : true,
    "key" : "13-12-2017/lists/all/C-9886657P-LightlySparklingWaterwithahintofLimeBottle",
    "key_in_category_list" : "13-12-2017/lists/christmas/C-9886657P-LightlySparklingWaterwithahintofLimeBottle",
    "likes" : 2,
    "name" : "Lightly Sparkling Water with a hint of Lime Bottle",
    "package_price" : "$1.13 per 1L",
    "package_size" : "1.25L",
    "price" : 1.41,
    "source" : "Coles",
    "source_short" : "C",
    "stock_code" : "9886657P",
    "thumbnail_url" : "https://shop.coles.com.au//wcsstore/Coles-CAS/images/9/8/8/9886657.jpg",
    "was_price" : 3.08
  },
  "C-9886679P-LightlySparklingWaterwithahintofWildBerryBottle" : {
    "brand" : "Mount Franklin",
    "category" : "Drinks",
    "id" : "C-9886679P-LightlySparklingWaterwithahintofWildBerryBottle",
    "is_valid" : true,
    "key" : "13-12-2017/lists/all/C-9886679P-LightlySparklingWaterwithahintofWildBerryBottle",
    "key_in_category_list" : "13-12-2017/lists/drinks/C-9886679P-LightlySparklingWaterwithahintofWildBerryBottle",
    "likes" : 0,
    "name" : "Lightly Sparkling Water with a hint of Wild Berry Bottle",
    "package_price" : "$1.13 per 1L",
    "package_size" : "1.25L",
    "price" : 1.41,
    "source" : "Coles",
    "source_short" : "C",
    "stock_code" : "9886679P",
    "thumbnail_url" : "https://shop.coles.com.au//wcsstore/Coles-CAS/images/9/8/8/9886679.jpg",
    "was_price" : 3.08
  },
  "C-9999325P-CheeseRiceCrackers" : {
    "brand" : "Peckish",
    "category" : "Pantry",
    "id" : "C-9999325P-CheeseRiceCrackers",
    "is_valid" : true,
    "key" : "13-12-2017/lists/all/C-9999325P-CheeseRiceCrackers",
    "key_in_category_list" : "13-12-2017/lists/pantry/C-9999325P-CheeseRiceCrackers",
    "likes" : 0,
    "name" : "Cheese Rice Crackers",
    "package_price" : "$1.00 per 100G",
    "package_size" : "100g",
    "price" : 1.0,
    "source" : "Coles",
    "source_short" : "C",
    "stock_code" : "9999325P",
    "thumbnail_url" : "https://shop.coles.com.au//wcsstore/Coles-CAS/images/9/9/9/9999325.jpg",
    "was_price" : 2.42
  },
  "C-9999336P-OriginalRiceCrackers" : {
    "brand" : "Peckish",
    "category" : "Pantry",
    "id" : "C-9999336P-OriginalRiceCrackers",
    "is_valid" : true,
    "key" : "13-12-2017/lists/all/C-9999336P-OriginalRiceCrackers",
    "key_in_category_list" : "13-12-2017/lists/pantry/C-9999336P-OriginalRiceCrackers",
    "likes" : 4,
    "name" : "Original Rice Crackers",
    "package_price" : "$1.00 per 100G",
    "package_size" : "100g",
    "price" : 1.0,
    "source" : "Coles",
    "source_short" : "C",
    "stock_code" : "9999336P",
    "thumbnail_url" : "https://shop.coles.com.au//wcsstore/Coles-CAS/images/9/9/9/9999336.jpg",
    "was_price" : 2.42
  },
  "C-9999347P-SaltVinegarRiceCrackers" : {
    "brand" : "Peckish",
    "category" : "Pantry",
    "id" : "C-9999347P-SaltVinegarRiceCrackers",
    "is_valid" : true,
    "key" : "13-12-2017/lists/all/C-9999347P-SaltVinegarRiceCrackers",
    "key_in_category_list" : "13-12-2017/lists/pantry/C-9999347P-SaltVinegarRiceCrackers",
    "likes" : 0,
    "name" : "Salt & Vinegar Rice Crackers",
    "package_price" : "$1.00 per 100G",
    "package_size" : "100g",
    "price" : 1.0,
    "source" : "Coles",
    "source_short" : "C",
    "stock_code" : "9999347P",
    "thumbnail_url" : "https://shop.coles.com.au//wcsstore/Coles-CAS/images/9/9/9/9999347.jpg",
    "was_price" : 2.42
  },
  "C-9999358P-SourCreamChivesRiceCrackers" : {
    "brand" : "Peckish",
    "category" : "Pantry",
    "id" : "C-9999358P-SourCreamChivesRiceCrackers",
    "is_valid" : true,
    "key" : "13-12-2017/lists/all/C-9999358P-SourCreamChivesRiceCrackers",
    "key_in_category_list" : "13-12-2017/lists/pantry/C-9999358P-SourCreamChivesRiceCrackers",
    "likes" : 7,
    "name" : "Sour Cream & Chives Rice Crackers",
    "package_price" : "$1.00 per 100G",
    "package_size" : "100g",
    "price" : 1.0,
    "source" : "Coles",
    "source_short" : "C",
    "stock_code" : "9999358P",
    "thumbnail_url" : "https://shop.coles.com.au//wcsstore/Coles-CAS/images/9/9/9/9999358.jpg",
    "was_price" : 2.42
  },
  "C-9999369P-SweetChilliRiceCrackers" : {
    "brand" : "Peckish",
    "category" : "Pantry",
    "id" : "C-9999369P-SweetChilliRiceCrackers",
    "is_valid" : true,
    "key" : "13-12-2017/lists/all/C-9999369P-SweetChilliRiceCrackers",
    "key_in_category_list" : "13-12-2017/lists/pantry/C-9999369P-SweetChilliRiceCrackers",
    "likes" : 1,
    "name" : "Sweet Chilli Rice Crackers",
    "package_price" : "$1.00 per 100G",
    "package_size" : "100g",
    "price" : 1.0,
    "source" : "Coles",
    "source_short" : "C",
    "stock_code" : "9999369P",
    "thumbnail_url" : "https://shop.coles.com.au//wcsstore/Coles-CAS/images/9/9/9/9999369.jpg",
    "was_price" : 2.42
  },
  "I-199041002-FerreroRocherGiftBoxg" : {
    "brand" : "",
    "category" : "IGA",
    "id" : "I-199041002-FerreroRocherGiftBoxg",
    "key" : "13-12-2017/lists/all/I-199041002-FerreroRocherGiftBoxg",
    "key_in_category_list" : "13-12-2017/lists/iga/I-199041002-FerreroRocherGiftBoxg",
    "likes" : 0,
    "name" : "Ferrero Rocher Gift Box 200g",
    "package_price" : "",
    "package_size" : "",
    "price" : 6.3,
    "source" : "IGA",
    "source_short" : "I",
    "stock_code" : "199041002",
    "thumbnail_url" : "https://d2g5na3xotdfpc.cloudfront.net/images/products/300x300/199041002.jpg?ts=1512535600",
    "was_price" : 12.6
  },
  "I-199041003-PetersDrumstickPackSelectedVarieties" : {
    "brand" : "",
    "category" : "IGA",
    "id" : "I-199041003-PetersDrumstickPackSelectedVarieties",
    "key" : "13-12-2017/lists/all/I-199041003-PetersDrumstickPackSelectedVarieties",
    "key_in_category_list" : "13-12-2017/lists/iga/I-199041003-PetersDrumstickPackSelectedVarieties",
    "likes" : 0,
    "name" : "Peters Drumstick 4-6 Pack Selected Varieties",
    "package_price" : "",
    "package_size" : "",
    "price" : 3.99,
    "source" : "IGA",
    "source_short" : "I",
    "stock_code" : "199041003",
    "thumbnail_url" : "https://d2g5na3xotdfpc.cloudfront.net/images/products/300x300/199041003.jpg?ts=1512535600",
    "was_price" : 7.99
  },
  "I-199041004-StegglesTurkeyBreastRoastkg" : {
    "brand" : "",
    "category" : "IGA",
    "id" : "I-199041004-StegglesTurkeyBreastRoastkg",
    "key" : "13-12-2017/lists/all/I-199041004-StegglesTurkeyBreastRoastkg",
    "key_in_category_list" : "13-12-2017/lists/iga/I-199041004-StegglesTurkeyBreastRoastkg",
    "likes" : 2,
    "name" : "Steggles Turkey Breast Roast 1kg",
    "package_price" : "",
    "package_size" : "",
    "price" : 11.0,
    "source" : "IGA",
    "source_short" : "I",
    "stock_code" : "199041004",
    "thumbnail_url" : "https://d2g5na3xotdfpc.cloudfront.net/images/products/300x300/199041004.jpg?ts=1512535600",
    "was_price" : 22.0
  },
  "I-199041079-BICKidsColouringPencilsPack" : {
    "brand" : "",
    "category" : "IGA",
    "id" : "I-199041079-BICKidsColouringPencilsPack",
    "key" : "13-12-2017/lists/all/I-199041079-BICKidsColouringPencilsPack",
    "key_in_category_list" : "13-12-2017/lists/iga/I-199041079-BICKidsColouringPencilsPack",
    "likes" : 3,
    "name" : "BIC Kids Colouring Pencils 12 Pack",
    "package_price" : "",
    "package_size" : "",
    "price" : 1.0,
    "source" : "IGA",
    "source_short" : "I",
    "stock_code" : "199041079",
    "thumbnail_url" : "https://d2g5na3xotdfpc.cloudfront.net/images/products/300x300/199041079.jpg",
    "was_price" : 2.35
  },
  "I-199041080-UNOCardGame" : {
    "brand" : "",
    "category" : "IGA",
    "id" : "I-199041080-UNOCardGame",
    "key" : "13-12-2017/lists/all/I-199041080-UNOCardGame",
    "key_in_category_list" : "13-12-2017/lists/iga/I-199041080-UNOCardGame",
    "likes" : 0,
    "name" : "UNO Card Game",
    "package_price" : "",
    "package_size" : "",
    "price" : 5.24,
    "source" : "IGA",
    "source_short" : "I",
    "stock_code" : "199041080",
    "thumbnail_url" : "https://d2g5na3xotdfpc.cloudfront.net/images/products/300x300/199041080.jpg",
    "was_price" : 10.49
  },
  "I-199041095-CadburyFavouritesg" : {
    "brand" : "",
    "category" : "IGA",
    "id" : "I-199041095-CadburyFavouritesg",
    "key" : "13-12-2017/lists/all/I-199041095-CadburyFavouritesg",
    "key_in_category_list" : "13-12-2017/lists/iga/I-199041095-CadburyFavouritesg",
    "likes" : 0,
    "name" : "Cadbury Favourites 540g",
    "package_price" : "",
    "package_size" : "",
    "price" : 9.49,
    "source" : "IGA",
    "source_short" : "I",
    "stock_code" : "199041095",
    "thumbnail_url" : "https://d2g5na3xotdfpc.cloudfront.net/images/products/300x300/199041095.jpg",
    "was_price" : 18.990000000000002
  },
  "I-199041096-CadburyChocolateBagsgorPascallLolliesgSelectedVarieties" : {
    "brand" : "",
    "category" : "IGA",
    "id" : "I-199041096-CadburyChocolateBagsgorPascallLolliesgSelectedVarieties",
    "key" : "13-12-2017/lists/all/I-199041096-CadburyChocolateBagsgorPascallLolliesgSelectedVarieties",
    "key_in_category_list" : "13-12-2017/lists/iga/I-199041096-CadburyChocolateBagsgorPascallLolliesgSelectedVarieties",
    "likes" : 2,
    "name" : "Cadbury Chocolate Bags 160g or Pascall Lollies 150-350g Selected Varieties",
    "package_price" : "",
    "package_size" : "",
    "price" : 1.99,
    "source" : "IGA",
    "source_short" : "I",
    "stock_code" : "199041096",
    "thumbnail_url" : "https://d2g5na3xotdfpc.cloudfront.net/images/products/300x300/199041096.jpg",
    "was_price" : 3.99
  },
  "I-199041097-NaturalConfectioneryCoLolliesgorSourPatchgSelectedVarieties" : {
    "brand" : "",
    "category" : "IGA",
    "id" : "I-199041097-NaturalConfectioneryCoLolliesgorSourPatchgSelectedVarieties",
    "key" : "13-12-2017/lists/all/I-199041097-NaturalConfectioneryCoLolliesgorSourPatchgSelectedVarieties",
    "key_in_category_list" : "13-12-2017/lists/iga/I-199041097-NaturalConfectioneryCoLolliesgorSourPatchgSelectedVarieties",
    "likes" : 0,
    "name" : "Natural Confectionery Co. Lollies 200-260g or Sour Patch 200-220g Selected Varieties",
    "package_price" : "",
    "package_size" : "",
    "price" : 1.99,
    "source" : "IGA",
    "source_short" : "I",
    "stock_code" : "199041097",
    "thumbnail_url" : "https://d2g5na3xotdfpc.cloudfront.net/images/products/300x300/199041097.jpg",
    "was_price" : 3.99
  },
  "I-199041105-LiptonIceTeaLitreSelectedVarieties" : {
    "brand" : "",
    "category" : "IGA",
    "id" : "I-199041105-LiptonIceTeaLitreSelectedVarieties",
    "key" : "13-12-2017/lists/all/I-199041105-LiptonIceTeaLitreSelectedVarieties",
    "key_in_category_list" : "13-12-2017/lists/iga/I-199041105-LiptonIceTeaLitreSelectedVarieties",
    "likes" : 1,
    "name" : "Lipton Ice Tea 1.5 Litre Selected Varieties",
    "package_price" : "",
    "package_size" : "",
    "price" : 1.89,
    "source" : "IGA",
    "source_short" : "I",
    "stock_code" : "199041105",
    "thumbnail_url" : "https://d2g5na3xotdfpc.cloudfront.net/images/products/300x300/199041105.jpg?ts=1512535602",
    "was_price" : 3.79
  },
  "I-199041134-GoldenCircleFruitDrinkLitreSelectedVarieties" : {
    "brand" : "",
    "category" : "IGA",
    "id" : "I-199041134-GoldenCircleFruitDrinkLitreSelectedVarieties",
    "key" : "13-12-2017/lists/all/I-199041134-GoldenCircleFruitDrinkLitreSelectedVarieties",
    "key_in_category_list" : "13-12-2017/lists/iga/I-199041134-GoldenCircleFruitDrinkLitreSelectedVarieties",
    "likes" : 1,
    "name" : "Golden Circle Fruit Drink 1 Litre Selected Varieties",
    "package_price" : "",
    "package_size" : "",
    "price" : 1.15,
    "source" : "IGA",
    "source_short" : "I",
    "stock_code" : "199041134",
    "thumbnail_url" : "https://d2g5na3xotdfpc.cloudfront.net/images/products/300x300/199041134.jpg?ts=1512535603",
    "was_price" : 2.3499999999999996
  },
  "I-199041157-GreensOriginalorBananaPancakeShakeg" : {
    "brand" : "",
    "category" : "IGA",
    "id" : "I-199041157-GreensOriginalorBananaPancakeShakeg",
    "key" : "13-12-2017/lists/all/I-199041157-GreensOriginalorBananaPancakeShakeg",
    "key_in_category_list" : "13-12-2017/lists/iga/I-199041157-GreensOriginalorBananaPancakeShakeg",
    "likes" : 4,
    "name" : "Green's Original or Banana Pancake Shake 200g",
    "package_price" : "",
    "package_size" : "",
    "price" : 1.0,
    "source" : "IGA",
    "source_short" : "I",
    "stock_code" : "199041157",
    "thumbnail_url" : "https://d2g5na3xotdfpc.cloudfront.net/images/products/300x300/199041157.jpg",
    "was_price" : 2.45
  },
  "I-199041168-HeinzBakedBeansgSelectedVarieties" : {
    "brand" : "",
    "category" : "IGA",
    "id" : "I-199041168-HeinzBakedBeansgSelectedVarieties",
    "key" : "13-12-2017/lists/all/I-199041168-HeinzBakedBeansgSelectedVarieties",
    "key_in_category_list" : "13-12-2017/lists/iga/I-199041168-HeinzBakedBeansgSelectedVarieties",
    "likes" : 0,
    "name" : "Heinz Baked Beans 555g Selected Varieties",
    "package_price" : "",
    "package_size" : "",
    "price" : 1.49,
    "source" : "IGA",
    "source_short" : "I",
    "stock_code" : "199041168",
    "thumbnail_url" : "https://d2g5na3xotdfpc.cloudfront.net/images/products/300x300/199041168.jpg",
    "was_price" : 2.99
  },
  "I-199041169-UncleBensRiceExpressgSelectedVarieties" : {
    "brand" : "",
    "category" : "IGA",
    "id" : "I-199041169-UncleBensRiceExpressgSelectedVarieties",
    "key" : "13-12-2017/lists/all/I-199041169-UncleBensRiceExpressgSelectedVarieties",
    "key_in_category_list" : "13-12-2017/lists/iga/I-199041169-UncleBensRiceExpressgSelectedVarieties",
    "likes" : 0,
    "name" : "Uncle Ben's Rice Express 250g Selected Varieties",
    "package_price" : "",
    "package_size" : "",
    "price" : 1.62,
    "source" : "IGA",
    "source_short" : "I",
    "stock_code" : "199041169",
    "thumbnail_url" : "https://d2g5na3xotdfpc.cloudfront.net/images/products/300x300/199041169.jpg",
    "was_price" : 3.25
  },
  "W-114462-AlwaysFreshCucumbersBaby" : {
    "brand" : "always fresh",
    "category" : "Pantry",
    "crawl_time" : 1.513115746959038E9,
    "end_promotion_date" : "12-12-2017",
    "id" : "W-114462-AlwaysFreshCucumbersBaby",
    "is_available" : true,
    "is_on_special" : true,
    "is_valid" : true,
    "key" : "13-12-2017/lists/all/W-114462-AlwaysFreshCucumbersBaby",
    "key_in_category_list" : "13-12-2017/lists/pantry/W-114462-AlwaysFreshCucumbersBaby",
    "likes" : 1,
    "name" : "Always Fresh Cucumbers Baby",
    "package_price" : "$5.00 / 1KG",
    "package_size" : "350g",
    "price" : 1.75,
    "source" : "Woolies",
    "source_short" : "W",
    "stock_code" : "114462",
    "thumbnail_url" : "https://cdn0.woolworths.media/content/wowproductimages/medium/114462.jpg",
    "was_price" : 3.5
  },
  "W-115996-BullaChocBarsMaltChocMintVanilla" : {
    "brand" : "bulla",
    "category" : "Frozen",
    "crawl_time" : 1.513115748113519E9,
    "end_promotion_date" : "12-12-2017",
    "id" : "W-115996-BullaChocBarsMaltChocMintVanilla",
    "is_available" : true,
    "is_on_special" : true,
    "is_valid" : true,
    "key" : "13-12-2017/lists/all/W-115996-BullaChocBarsMaltChocMintVanilla",
    "key_in_category_list" : "13-12-2017/lists/frozen/W-115996-BullaChocBarsMaltChocMintVanilla",
    "likes" : 2,
    "name" : "Bulla Choc Bars Malt Choc Mint & Vanilla",
    "package_price" : "$0.44 / 100ML",
    "package_size" : "10pk 768ml",
    "price" : 3.4,
    "source" : "Woolies",
    "source_short" : "W",
    "stock_code" : "115996",
    "thumbnail_url" : "https://cdn0.woolworths.media/content/wowproductimages/medium/115996.jpg",
    "was_price" : 6.8
  },
  "W-126397-LindtLindorChocolateBallsMilk" : {
    "brand" : "lindt lindor",
    "category" : "Pantry",
    "crawl_time" : 1.513115505482364E9,
    "end_promotion_date" : "12-12-2017",
    "id" : "W-126397-LindtLindorChocolateBallsMilk",
    "is_available" : true,
    "is_on_special" : true,
    "is_valid" : true,
    "key" : "13-12-2017/lists/all/W-126397-LindtLindorChocolateBallsMilk",
    "key_in_category_list" : "13-12-2017/lists/pantry/W-126397-LindtLindorChocolateBallsMilk",
    "likes" : 0,
    "name" : "Lindt Lindor Chocolate Balls Milk",
    "package_price" : "$4.00 / 100G",
    "package_size" : "150g box",
    "price" : 6.0,
    "source" : "Woolies",
    "source_short" : "W",
    "stock_code" : "126397",
    "thumbnail_url" : "https://cdn0.woolworths.media/content/wowproductimages/medium/126397.jpg",
    "was_price" : 12.5
  },
  "W-126399-LindtLindorChocolateBallsAssorted" : {
    "brand" : "lindt lindor",
    "category" : "Pantry",
    "crawl_time" : 1.513115749362692E9,
    "end_promotion_date" : "12-12-2017",
    "id" : "W-126399-LindtLindorChocolateBallsAssorted",
    "is_available" : true,
    "is_on_special" : true,
    "is_valid" : true,
    "key" : "13-12-2017/lists/all/W-126399-LindtLindorChocolateBallsAssorted",
    "key_in_category_list" : "13-12-2017/lists/pantry/W-126399-LindtLindorChocolateBallsAssorted",
    "likes" : 1,
    "name" : "Lindt Lindor Chocolate Balls Assorted",
    "package_price" : "$4.00 / 100G",
    "package_size" : "150g box",
    "price" : 6.0,
    "source" : "Woolies",
    "source_short" : "W",
    "stock_code" : "126399",
    "thumbnail_url" : "https://cdn0.woolworths.media/content/wowproductimages/medium/126399.jpg",
    "was_price" : 12.5
  },
  "W-128898-PraiseMayonnaiseMayonnaise" : {
    "brand" : "praise",
    "category" : "Pantry",
    "crawl_time" : 1.513115314240895E9,
    "end_promotion_date" : "12-12-2017",
    "id" : "W-128898-PraiseMayonnaiseMayonnaise",
    "is_available" : true,
    "is_on_special" : true,
    "is_valid" : true,
    "key" : "13-12-2017/lists/all/W-128898-PraiseMayonnaiseMayonnaise",
    "key_in_category_list" : "13-12-2017/lists/pantry/W-128898-PraiseMayonnaiseMayonnaise",
    "likes" : 1,
    "name" : "Praise Mayonnaise Mayonnaise",
    "package_price" : "$0.47 / 100G",
    "package_size" : "365g",
    "price" : 1.7,
    "source" : "Woolies",
    "source_short" : "W",
    "stock_code" : "128898",
    "thumbnail_url" : "https://cdn0.woolworths.media/content/wowproductimages/medium/128898.jpg",
    "was_price" : 3.4
  },
  "W-128900-PraiseFatFreeMayonnaise" : {
    "brand" : "praise",
    "category" : "Pantry",
    "crawl_time" : 1.513115626019754E9,
    "end_promotion_date" : "12-12-2017",
    "id" : "W-128900-PraiseFatFreeMayonnaise",
    "is_available" : true,
    "is_on_special" : true,
    "is_valid" : true,
    "key" : "13-12-2017/lists/all/W-128900-PraiseFatFreeMayonnaise",
    "key_in_category_list" : "13-12-2017/lists/pantry/W-128900-PraiseFatFreeMayonnaise",
    "likes" : 0,
    "name" : "Praise 99% Fat Free Mayonnaise",
    "package_price" : "$0.41 / 100G",
    "package_size" : "410g",
    "price" : 1.7,
    "source" : "Woolies",
    "source_short" : "W",
    "stock_code" : "128900",
    "thumbnail_url" : "https://cdn0.woolworths.media/content/wowproductimages/medium/128900.jpg",
    "was_price" : 3.4
  },
  "W-130581-BondsNoShowFootletsNude" : {
    "brand" : "bonds",
    "category" : "Household",
    "crawl_time" : 1.513115861519795E9,
    "end_promotion_date" : "12-12-2017",
    "id" : "W-130581-BondsNoShowFootletsNude",
    "is_available" : true,
    "is_on_special" : true,
    "is_valid" : true,
    "key" : "13-12-2017/lists/all/W-130581-BondsNoShowFootletsNude",
    "key_in_category_list" : "13-12-2017/lists/household/W-130581-BondsNoShowFootletsNude",
    "likes" : 0,
    "name" : "Bonds No Show Footlets Nude  (3-8 & 8-11)",
    "package_price" : "$0.00 / 0",
    "package_size" : "each",
    "price" : 2.0,
    "source" : "Woolies",
    "source_short" : "W",
    "stock_code" : "130581",
    "thumbnail_url" : "https://cdn0.woolworths.media/content/wowproductimages/medium/130581.jpg",
    "was_price" : 4.0
  },
  "W-140646-BullaSplitsMultipackRaspberryMangoLemonLime" : {
    "brand" : "bulla splits",
    "category" : "Frozen",
    "crawl_time" : 1.513115750527072E9,
    "end_promotion_date" : "12-12-2017",
    "id" : "W-140646-BullaSplitsMultipackRaspberryMangoLemonLime",
    "is_available" : true,
    "is_on_special" : true,
    "is_valid" : true,
    "key" : "13-12-2017/lists/all/W-140646-BullaSplitsMultipackRaspberryMangoLemonLime",
    "key_in_category_list" : "13-12-2017/lists/frozen/W-140646-BullaSplitsMultipackRaspberryMangoLemonLime",
    "likes" : 1,
    "name" : "Bulla Splits Multipack Raspberry, Mango & Lemon Lime",
    "package_price" : "$0.45 / 100ML",
    "package_size" : "10pk 750ml",
    "price" : 3.4,
    "source" : "Woolies",
    "source_short" : "W",
    "stock_code" : "140646",
    "thumbnail_url" : "https://cdn0.woolworths.media/content/wowproductimages/medium/140646.jpg",
    "was_price" : 6.8
  },
  "W-145433-OlayTotalEffectsinDayCreamNormal" : {
    "brand" : "olay",
    "category" : "Health & Beauty",
    "crawl_time" : 1.513115751846315E9,
    "end_promotion_date" : "12-12-2017",
    "id" : "W-145433-OlayTotalEffectsinDayCreamNormal",
    "is_available" : true,
    "is_on_special" : true,
    "is_valid" : true,
    "key" : "13-12-2017/lists/all/W-145433-OlayTotalEffectsinDayCreamNormal",
    "key_in_category_list" : "13-12-2017/lists/beauty/W-145433-OlayTotalEffectsinDayCreamNormal",
    "likes" : 0,
    "name" : "Olay Total Effects 7-in-1 Day Cream Normal",
    "package_price" : "$33.50 / 100G",
    "package_size" : "50g",
    "price" : 16.75,
    "source" : "Woolies",
    "source_short" : "W",
    "stock_code" : "145433",
    "thumbnail_url" : "https://cdn0.woolworths.media/content/wowproductimages/medium/145433.jpg",
    "was_price" : 33.5
  },
  "W-145434-OlayTotalEffectsinDayCreamGentle" : {
    "brand" : "olay",
    "category" : "Health & Beauty",
    "crawl_time" : 1.513115752972161E9,
    "end_promotion_date" : "12-12-2017",
    "id" : "W-145434-OlayTotalEffectsinDayCreamGentle",
    "is_available" : true,
    "is_on_special" : true,
    "is_valid" : true,
    "key" : "13-12-2017/lists/all/W-145434-OlayTotalEffectsinDayCreamGentle",
    "key_in_category_list" : "13-12-2017/lists/beauty/W-145434-OlayTotalEffectsinDayCreamGentle",
    "likes" : 0,
    "name" : "Olay Total Effects 7-in-1 Day Cream Gentle",
    "package_price" : "$33.50 / 100G",
    "package_size" : "50g",
    "price" : 16.75,
    "source" : "Woolies",
    "source_short" : "W",
    "stock_code" : "145434",
    "thumbnail_url" : "https://cdn0.woolworths.media/content/wowproductimages/medium/145434.jpg",
    "was_price" : 33.5
  },
  "W-159796-KirksLemonadeCans" : {
    "brand" : "kirks",
    "category" : "Drinks",
    "crawl_time" : 1.513115615573106E9,
    "end_promotion_date" : "12-12-2017",
    "id" : "W-159796-KirksLemonadeCans",
    "is_available" : true,
    "is_on_special" : true,
    "is_valid" : true,
    "key" : "13-12-2017/lists/all/W-159796-KirksLemonadeCans",
    "key_in_category_list" : "13-12-2017/lists/drinks/W-159796-KirksLemonadeCans",
    "likes" : 4,
    "name" : "Kirks Lemonade Cans",
    "package_price" : "$1.59 / 1L",
    "package_size" : "10x375ml pack",
    "price" : 5.95,
    "source" : "Woolies",
    "source_short" : "W",
    "stock_code" : "159796",
    "thumbnail_url" : "https://cdn0.woolworths.media/content/wowproductimages/medium/159796.jpg",
    "was_price" : 10.55
  },
  "W-159797-KirksLemonSquashCans" : {
    "brand" : "kirks",
    "category" : "Drinks",
    "crawl_time" : 1.513115490763662E9,
    "end_promotion_date" : "12-12-2017",
    "id" : "W-159797-KirksLemonSquashCans",
    "is_available" : true,
    "is_on_special" : true,
    "is_valid" : true,
    "key" : "13-12-2017/lists/all/W-159797-KirksLemonSquashCans",
    "key_in_category_list" : "13-12-2017/lists/drinks/W-159797-KirksLemonSquashCans",
    "likes" : 2,
    "name" : "Kirks Lemon Squash Cans",
    "package_price" : "$1.59 / 1L",
    "package_size" : "10x375ml pack",
    "price" : 5.95,
    "source" : "Woolies",
    "source_short" : "W",
    "stock_code" : "159797",
    "thumbnail_url" : "https://cdn0.woolworths.media/content/wowproductimages/medium/159797.jpg",
    "was_price" : 10.55
  },
  "W-159798-KirksPasitoCans" : {
    "brand" : "kirks",
    "category" : "Drinks",
    "crawl_time" : 1.513115688787812E9,
    "end_promotion_date" : "12-12-2017",
    "id" : "W-159798-KirksPasitoCans",
    "is_available" : true,
    "is_on_special" : true,
    "is_valid" : true,
    "key" : "13-12-2017/lists/all/W-159798-KirksPasitoCans",
    "key_in_category_list" : "13-12-2017/lists/drinks/W-159798-KirksPasitoCans",
    "likes" : 5,
    "name" : "Kirks Pasito Cans",
    "package_price" : "$1.59 / 1L",
    "package_size" : "10x375ml pack",
    "price" : 5.95,
    "source" : "Woolies",
    "source_short" : "W",
    "stock_code" : "159798",
    "thumbnail_url" : "https://cdn0.woolworths.media/content/wowproductimages/medium/159798.jpg",
    "was_price" : 10.55
  },
  "W-159799-KirksCreamingSodaCans" : {
    "brand" : "kirks",
    "category" : "Drinks",
    "crawl_time" : 1.513115754111074E9,
    "end_promotion_date" : "12-12-2017",
    "id" : "W-159799-KirksCreamingSodaCans",
    "is_available" : true,
    "is_on_special" : true,
    "is_valid" : true,
    "key" : "13-12-2017/lists/all/W-159799-KirksCreamingSodaCans",
    "key_in_category_list" : "13-12-2017/lists/drinks/W-159799-KirksCreamingSodaCans",
    "likes" : 2,
    "name" : "Kirks Creaming Soda Cans",
    "package_price" : "$1.59 / 1L",
    "package_size" : "10x375ml pack",
    "price" : 5.95,
    "source" : "Woolies",
    "source_short" : "W",
    "stock_code" : "159799",
    "thumbnail_url" : "https://cdn0.woolworths.media/content/wowproductimages/medium/159799.jpg",
    "was_price" : 10.55
  },
  "W-159800-KirksOldStoneyGingerBeerCans" : {
    "brand" : "kirks",
    "category" : "Drinks",
    "crawl_time" : 1.513115491922187E9,
    "end_promotion_date" : "12-12-2017",
    "id" : "W-159800-KirksOldStoneyGingerBeerCans",
    "is_available" : true,
    "is_on_special" : true,
    "is_valid" : true,
    "key" : "13-12-2017/lists/all/W-159800-KirksOldStoneyGingerBeerCans",
    "key_in_category_list" : "13-12-2017/lists/drinks/W-159800-KirksOldStoneyGingerBeerCans",
    "likes" : 0,
    "name" : "Kirks Old Stoney Ginger Beer Cans",
    "package_price" : "$1.59 / 1L",
    "package_size" : "10x375ml pack",
    "price" : 5.95,
    "source" : "Woolies",
    "source_short" : "W",
    "stock_code" : "159800",
    "thumbnail_url" : "https://cdn0.woolworths.media/content/wowproductimages/medium/159800.jpg",
    "was_price" : 10.55
  },
  "W-168695-OlayTotalEffectsinMoisturiserUvGentle" : {
    "brand" : "olay",
    "category" : "Health & Beauty",
    "crawl_time" : 1.513115706944549E9,
    "end_promotion_date" : "12-12-2017",
    "id" : "W-168695-OlayTotalEffectsinMoisturiserUvGentle",
    "is_available" : true,
    "is_on_special" : true,
    "is_valid" : true,
    "key" : "13-12-2017/lists/all/W-168695-OlayTotalEffectsinMoisturiserUvGentle",
    "key_in_category_list" : "13-12-2017/lists/beauty/W-168695-OlayTotalEffectsinMoisturiserUvGentle",
    "likes" : 0,
    "name" : "Olay Total Effects 7-in-1 Moisturiser Uv Gentle",
    "package_price" : "$33.50 / 100G",
    "package_size" : "50g",
    "price" : 16.75,
    "source" : "Woolies",
    "source_short" : "W",
    "stock_code" : "168695",
    "thumbnail_url" : "https://cdn0.woolworths.media/content/wowproductimages/medium/168695.jpg",
    "was_price" : 33.5
  },
  "W-174438-SistemaKlipItPlasticwareRectangle" : {
    "brand" : "sistema klip it",
    "category" : "Household",
    "crawl_time" : 1.513115506644795E9,
    "end_promotion_date" : "12-12-2017",
    "id" : "W-174438-SistemaKlipItPlasticwareRectangle",
    "is_available" : true,
    "is_on_special" : true,
    "is_valid" : true,
    "key" : "13-12-2017/lists/all/W-174438-SistemaKlipItPlasticwareRectangle",
    "key_in_category_list" : "13-12-2017/lists/household/W-174438-SistemaKlipItPlasticwareRectangle",
    "likes" : 0,
    "name" : "Sistema Klip It Plasticware Rectangle",
    "package_price" : "$0.00 / 0",
    "package_size" : "7l",
    "price" : 6.22,
    "source" : "Woolies",
    "source_short" : "W",
    "stock_code" : "174438",
    "thumbnail_url" : "https://cdn0.woolworths.media/content/wowproductimages/medium/174438.jpg",
    "was_price" : 12.45
  },
  "W-175093-UnoPlayingCards" : {
    "brand" : "uno",
    "category" : "Household",
    "crawl_time" : 1.513115271520289E9,
    "end_promotion_date" : "12-12-2017",
    "id" : "W-175093-UnoPlayingCards",
    "is_available" : true,
    "is_on_special" : true,
    "is_valid" : true,
    "key" : "13-12-2017/lists/all/W-175093-UnoPlayingCards",
    "key_in_category_list" : "13-12-2017/lists/household/W-175093-UnoPlayingCards",
    "likes" : 2,
    "name" : "Uno Playing Cards ",
    "package_price" : "$0.00 / 0",
    "package_size" : "1kg",
    "price" : 5.0,
    "source" : "Woolies",
    "source_short" : "W",
    "stock_code" : "175093",
    "thumbnail_url" : "https://cdn0.woolworths.media/content/wowproductimages/medium/175093.jpg",
    "was_price" : 10.0
  },
  "W-178943-BullaSplitsIceCreamWildberryOrangeTropical" : {
    "brand" : "bulla splits",
    "category" : "Frozen",
    "crawl_time" : 1.513115299816633E9,
    "end_promotion_date" : "12-12-2017",
    "id" : "W-178943-BullaSplitsIceCreamWildberryOrangeTropical",
    "is_available" : true,
    "is_on_special" : true,
    "is_valid" : true,
    "key" : "13-12-2017/lists/all/W-178943-BullaSplitsIceCreamWildberryOrangeTropical",
    "key_in_category_list" : "13-12-2017/lists/frozen/W-178943-BullaSplitsIceCreamWildberryOrangeTropical",
    "likes" : 1,
    "name" : "Bulla Splits Ice Cream Wildberry Orange Tropical",
    "package_price" : "$0.45 / 100ML",
    "package_size" : "10pk 750ml",
    "price" : 3.4,
    "source" : "Woolies",
    "source_short" : "W",
    "stock_code" : "178943",
    "thumbnail_url" : "https://cdn0.woolworths.media/content/wowproductimages/medium/178943.jpg",
    "was_price" : 6.8
  },
  "W-178946-BullaCrunchCaramelStrawberryHoney" : {
    "brand" : "bulla",
    "category" : "Frozen",
    "crawl_time" : 1.513115568752654E9,
    "end_promotion_date" : "12-12-2017",
    "id" : "W-178946-BullaCrunchCaramelStrawberryHoney",
    "is_available" : true,
    "is_on_special" : true,
    "is_valid" : true,
    "key" : "13-12-2017/lists/all/W-178946-BullaCrunchCaramelStrawberryHoney",
    "key_in_category_list" : "13-12-2017/lists/frozen/W-178946-BullaCrunchCaramelStrawberryHoney",
    "likes" : 1,
    "name" : "Bulla Crunch Caramel Strawberry & Honey",
    "package_price" : "$0.54 / 100ML",
    "package_size" : "8pk 631ml",
    "price" : 3.4,
    "source" : "Woolies",
    "source_short" : "W",
    "stock_code" : "178946",
    "thumbnail_url" : "https://cdn0.woolworths.media/content/wowproductimages/medium/178946.jpg",
    "was_price" : 6.8
  },
  "W-180497-GoldenFieldsVegetableOil" : {
    "brand" : "golden fields",
    "category" : "Pantry",
    "crawl_time" : 1.513115801998508E9,
    "end_promotion_date" : "12-12-2017",
    "id" : "W-180497-GoldenFieldsVegetableOil",
    "is_available" : true,
    "is_on_special" : true,
    "is_valid" : true,
    "key" : "13-12-2017/lists/all/W-180497-GoldenFieldsVegetableOil",
    "key_in_category_list" : "13-12-2017/lists/pantry/W-180497-GoldenFieldsVegetableOil",
    "likes" : 0,
    "name" : "Golden Fields Vegetable Oil ",
    "package_price" : "$0.23 / 100ML",
    "package_size" : "4l",
    "price" : 9.0,
    "source" : "Woolies",
    "source_short" : "W",
    "stock_code" : "180497",
    "thumbnail_url" : "https://cdn0.woolworths.media/content/wowproductimages/medium/180497.jpg",
    "was_price" : 18.0
  },
  "W-185814-GreenseasTunaSpicyChilli" : {
    "brand" : "greenseas",
    "category" : "Pantry",
    "crawl_time" : 1.513115507776979E9,
    "end_promotion_date" : "12-12-2017",
    "id" : "W-185814-GreenseasTunaSpicyChilli",
    "is_available" : true,
    "is_on_special" : true,
    "is_valid" : true,
    "key" : "13-12-2017/lists/all/W-185814-GreenseasTunaSpicyChilli",
    "key_in_category_list" : "13-12-2017/lists/pantry/W-185814-GreenseasTunaSpicyChilli",
    "likes" : 0,
    "name" : "Greenseas Tuna Spicy Chilli",
    "package_price" : "$10.53 / 1KG",
    "package_size" : "95g",
    "price" : 1.0,
    "source" : "Woolies",
    "source_short" : "W",
    "stock_code" : "185814",
    "thumbnail_url" : "https://cdn0.woolworths.media/content/wowproductimages/medium/185814.jpg",
    "was_price" : 2.0
  },
  "W-185815-GreenseasTunaSundriedTomatoOnion" : {
    "brand" : "greenseas",
    "category" : "Pantry",
    "crawl_time" : 1.51311580439223E9,
    "end_promotion_date" : "12-12-2017",
    "id" : "W-185815-GreenseasTunaSundriedTomatoOnion",
    "is_available" : true,
    "is_on_special" : true,
    "is_valid" : true,
    "key" : "13-12-2017/lists/all/W-185815-GreenseasTunaSundriedTomatoOnion",
    "key_in_category_list" : "13-12-2017/lists/pantry/W-185815-GreenseasTunaSundriedTomatoOnion",
    "likes" : 0,
    "name" : "Greenseas Tuna Sundried Tomato & Onion",
    "package_price" : "$10.53 / 1KG",
    "package_size" : "95g",
    "price" : 1.0,
    "source" : "Woolies",
    "source_short" : "W",
    "stock_code" : "185815",
    "thumbnail_url" : "https://cdn0.woolworths.media/content/wowproductimages/medium/185815.jpg",
    "was_price" : 2.0
  },
  "W-188643-NestlePlaistoweCookingChocolateExtraCreamyPremiumWhite" : {
    "brand" : "nestle plaistowe",
    "category" : "Pantry",
    "crawl_time" : 1.513115468855743E9,
    "end_promotion_date" : "12-12-2017",
    "id" : "W-188643-NestlePlaistoweCookingChocolateExtraCreamyPremiumWhite",
    "is_available" : true,
    "is_on_special" : true,
    "is_valid" : true,
    "key" : "13-12-2017/lists/all/W-188643-NestlePlaistoweCookingChocolateExtraCreamyPremiumWhite",
    "key_in_category_list" : "13-12-2017/lists/pantry/W-188643-NestlePlaistoweCookingChocolateExtraCreamyPremiumWhite",
    "likes" : 0,
    "name" : "Nestle Plaistowe Cooking Chocolate Extra Creamy Premium White",
    "package_price" : "$1.11 / 100G",
    "package_size" : "180g",
    "price" : 2.0,
    "source" : "Woolies",
    "source_short" : "W",
    "stock_code" : "188643",
    "thumbnail_url" : "https://cdn0.woolworths.media/content/wowproductimages/medium/188643.jpg",
    "was_price" : 4.0
  },
  "W-188644-NestlePlaistoweMilkCookingChocolate" : {
    "brand" : "nestle plaistowe milk",
    "category" : "Pantry",
    "crawl_time" : 1.513115696200533E9,
    "end_promotion_date" : "12-12-2017",
    "id" : "W-188644-NestlePlaistoweMilkCookingChocolate",
    "is_available" : true,
    "is_on_special" : true,
    "is_valid" : true,
    "key" : "13-12-2017/lists/all/W-188644-NestlePlaistoweMilkCookingChocolate",
    "key_in_category_list" : "13-12-2017/lists/pantry/W-188644-NestlePlaistoweMilkCookingChocolate",
    "likes" : 1,
    "name" : "Nestle Plaistowe Milk Cooking Chocolate ",
    "package_price" : "$1.00 / 100G",
    "package_size" : "200g",
    "price" : 2.0,
    "source" : "Woolies",
    "source_short" : "W",
    "stock_code" : "188644",
    "thumbnail_url" : "https://cdn0.woolworths.media/content/wowproductimages/medium/188644.jpg",
    "was_price" : 4.0
  },
  "W-191769-WoolworthsEssentialsSheetFittedCreamQueenBed" : {
    "brand" : "woolworths essentials",
    "category" : "Household",
    "crawl_time" : 1.513115373680918E9,
    "end_promotion_date" : "12-12-2017",
    "id" : "W-191769-WoolworthsEssentialsSheetFittedCreamQueenBed",
    "is_available" : true,
    "is_on_special" : true,
    "is_valid" : true,
    "key" : "13-12-2017/lists/all/W-191769-WoolworthsEssentialsSheetFittedCreamQueenBed",
    "key_in_category_list" : "13-12-2017/lists/household/W-191769-WoolworthsEssentialsSheetFittedCreamQueenBed",
    "likes" : 0,
    "name" : "Woolworths Essentials Sheet Fitted Cream Queen Bed",
    "package_price" : "$0.00 / 0",
    "package_size" : "each",
    "price" : 10.0,
    "source" : "Woolies",
    "source_short" : "W",
    "stock_code" : "191769",
    "thumbnail_url" : "https://cdn0.woolworths.media/content/wowproductimages/medium/191769.jpg",
    "was_price" : 20.0
  },
  "W-195108-NescafeCoffeeSachetsCappuccino" : {
    "brand" : "nescafe",
    "category" : "Pantry",
    "crawl_time" : 1.513115708121133E9,
    "end_promotion_date" : "12-12-2017",
    "id" : "W-195108-NescafeCoffeeSachetsCappuccino",
    "is_available" : true,
    "is_on_special" : true,
    "is_valid" : true,
    "key" : "13-12-2017/lists/all/W-195108-NescafeCoffeeSachetsCappuccino",
    "key_in_category_list" : "13-12-2017/lists/pantry/W-195108-NescafeCoffeeSachetsCappuccino",
    "likes" : 0,
    "name" : "Nescafe Coffee Sachets Cappuccino",
    "package_price" : "$2.63 / 100G",
    "package_size" : "10pk",
    "price" : 3.29,
    "source" : "Woolies",
    "source_short" : "W",
    "stock_code" : "195108",
    "thumbnail_url" : "https://cdn0.woolworths.media/content/wowproductimages/medium/195108.jpg",
    "was_price" : 6.59
  },
  "W-196774-MorteinSurfaceSprayProfessionalDiyKit" : {
    "brand" : "mortein",
    "category" : "Household",
    "crawl_time" : 1.513115755307074E9,
    "end_promotion_date" : "12-12-2017",
    "id" : "W-196774-MorteinSurfaceSprayProfessionalDiyKit",
    "is_available" : true,
    "is_on_special" : true,
    "is_valid" : true,
    "key" : "13-12-2017/lists/all/W-196774-MorteinSurfaceSprayProfessionalDiyKit",
    "key_in_category_list" : "13-12-2017/lists/household/W-196774-MorteinSurfaceSprayProfessionalDiyKit",
    "likes" : 2,
    "name" : "Mortein Surface Spray Professional Diy Kit",
    "package_price" : "$0.75 / 100ML",
    "package_size" : "2l",
    "price" : 15.0,
    "source" : "Woolies",
    "source_short" : "W",
    "stock_code" : "196774",
    "thumbnail_url" : "https://cdn0.woolworths.media/content/wowproductimages/medium/196774.jpg",
    "was_price" : 30.0
  },
  "W-19731-LindtExcellenceDarkChocolateCocoa" : {
    "brand" : "lindt excellence",
    "category" : "Pantry",
    "crawl_time" : 1.513115671682662E9,
    "end_promotion_date" : "12-12-2017",
    "id" : "W-19731-LindtExcellenceDarkChocolateCocoa",
    "is_available" : true,
    "is_on_special" : true,
    "is_valid" : true,
    "key" : "13-12-2017/lists/all/W-19731-LindtExcellenceDarkChocolateCocoa",
    "key_in_category_list" : "13-12-2017/lists/pantry/W-19731-LindtExcellenceDarkChocolateCocoa",
    "likes" : 1,
    "name" : "Lindt Excellence Dark Chocolate 70% Cocoa",
    "package_price" : "$2.12 / 100G",
    "package_size" : "100g block",
    "price" : 2.12,
    "source" : "Woolies",
    "source_short" : "W",
    "stock_code" : "19731",
    "thumbnail_url" : "https://cdn0.woolworths.media/content/wowproductimages/medium/019731.jpg",
    "was_price" : 4.25
  },
  "W-19752-LindtExcellenceMilkChocolateExtraCreamy" : {
    "brand" : "lindt excellence",
    "category" : "Pantry",
    "crawl_time" : 1.513115547054733E9,
    "end_promotion_date" : "12-12-2017",
    "id" : "W-19752-LindtExcellenceMilkChocolateExtraCreamy",
    "is_available" : true,
    "is_on_special" : true,
    "is_valid" : true,
    "key" : "13-12-2017/lists/all/W-19752-LindtExcellenceMilkChocolateExtraCreamy",
    "key_in_category_list" : "13-12-2017/lists/pantry/W-19752-LindtExcellenceMilkChocolateExtraCreamy",
    "likes" : 0,
    "name" : "Lindt Excellence Milk Chocolate Extra Creamy",
    "package_price" : "$2.12 / 100G",
    "package_size" : "100g block",
    "price" : 2.12,
    "source" : "Woolies",
    "source_short" : "W",
    "stock_code" : "19752",
    "thumbnail_url" : "https://cdn0.woolworths.media/content/wowproductimages/medium/019752.jpg",
    "was_price" : 4.25
  },
  "W-201687-LindtExcellenceDarkChocolateCocoa" : {
    "brand" : "lindt excellence",
    "category" : "Pantry",
    "crawl_time" : 1.513115793437816E9,
    "end_promotion_date" : "12-12-2017",
    "id" : "W-201687-LindtExcellenceDarkChocolateCocoa",
    "is_available" : true,
    "is_on_special" : true,
    "is_valid" : true,
    "key" : "13-12-2017/lists/all/W-201687-LindtExcellenceDarkChocolateCocoa",
    "key_in_category_list" : "13-12-2017/lists/pantry/W-201687-LindtExcellenceDarkChocolateCocoa",
    "likes" : 1,
    "name" : "Lindt Excellence Dark Chocolate 85% Cocoa",
    "package_price" : "$2.12 / 100G",
    "package_size" : "100g block",
    "price" : 2.12,
    "source" : "Woolies",
    "source_short" : "W",
    "stock_code" : "201687",
    "thumbnail_url" : "https://cdn0.woolworths.media/content/wowproductimages/medium/201687.jpg",
    "was_price" : 4.25
  },
  "W-205584-BondsMensUnderwearGuyFrontTrunkSizeMedium" : {
    "brand" : "bonds mens",
    "category" : "Household",
    "crawl_time" : 1.51311550890505E9,
    "end_promotion_date" : "12-12-2017",
    "id" : "W-205584-BondsMensUnderwearGuyFrontTrunkSizeMedium",
    "is_available" : true,
    "is_on_special" : true,
    "is_valid" : true,
    "key" : "13-12-2017/lists/all/W-205584-BondsMensUnderwearGuyFrontTrunkSizeMedium",
    "key_in_category_list" : "13-12-2017/lists/household/W-205584-BondsMensUnderwearGuyFrontTrunkSizeMedium",
    "likes" : 0,
    "name" : "Bonds Mens Underwear Guy Front Trunk Size Medium",
    "package_price" : "$0.00 / 0",
    "package_size" : "each",
    "price" : 11.0,
    "source" : "Woolies",
    "source_short" : "W",
    "stock_code" : "205584",
    "thumbnail_url" : "https://cdn0.woolworths.media/content/wowproductimages/medium/205584.jpg",
    "was_price" : 22.0
  },
  "W-205585-BondsMensUnderwearGuyFrontTrunkSizeLarge" : {
    "brand" : "bonds mens",
    "category" : "Household",
    "crawl_time" : 1.513115705780857E9,
    "end_promotion_date" : "12-12-2017",
    "id" : "W-205585-BondsMensUnderwearGuyFrontTrunkSizeLarge",
    "is_available" : true,
    "is_on_special" : true,
    "is_valid" : true,
    "key" : "13-12-2017/lists/all/W-205585-BondsMensUnderwearGuyFrontTrunkSizeLarge",
    "key_in_category_list" : "13-12-2017/lists/household/W-205585-BondsMensUnderwearGuyFrontTrunkSizeLarge",
    "likes" : 0,
    "name" : "Bonds Mens Underwear Guy Front Trunk Size Large",
    "package_price" : "$0.00 / 0",
    "package_size" : "each",
    "price" : 11.0,
    "source" : "Woolies",
    "source_short" : "W",
    "stock_code" : "205585",
    "thumbnail_url" : "https://cdn0.woolworths.media/content/wowproductimages/medium/205585.jpg",
    "was_price" : 22.0
  },
  "W-205897-OlayRegeneristFaceCreamDayUvProtection" : {
    "brand" : "olay",
    "category" : "Health & Beauty",
    "crawl_time" : 1.513115510047496E9,
    "end_promotion_date" : "12-12-2017",
    "id" : "W-205897-OlayRegeneristFaceCreamDayUvProtection",
    "is_available" : true,
    "is_on_special" : true,
    "is_valid" : true,
    "key" : "13-12-2017/lists/all/W-205897-OlayRegeneristFaceCreamDayUvProtection",
    "key_in_category_list" : "13-12-2017/lists/beauty/W-205897-OlayRegeneristFaceCreamDayUvProtection",
    "likes" : 1,
    "name" : "Olay Regenerist Face Cream Day Uv Protection",
    "package_price" : "$22.33 / 100ML",
    "package_size" : "75ml",
    "price" : 16.75,
    "source" : "Woolies",
    "source_short" : "W",
    "stock_code" : "205897",
    "thumbnail_url" : "https://cdn0.woolworths.media/content/wowproductimages/medium/205897.jpg",
    "was_price" : 33.5
  },
  "W-205902-OlayRegeneristRevitalisingDayHydrationCream" : {
    "brand" : "olay",
    "category" : "Health & Beauty",
    "crawl_time" : 1.513106985920312E9,
    "end_promotion_date" : "12-12-2017",
    "id" : "W-205902-OlayRegeneristRevitalisingDayHydrationCream",
    "is_available" : true,
    "is_on_special" : true,
    "is_valid" : true,
    "key" : "13-12-2017/lists/all/W-205902-OlayRegeneristRevitalisingDayHydrationCream",
    "key_in_category_list" : "13-12-2017/lists/beauty/W-205902-OlayRegeneristRevitalisingDayHydrationCream",
    "likes" : 0,
    "name" : "Olay Regenerist Revitalising Day Hydration Cream",
    "package_price" : "$33.50 / 100G",
    "package_size" : "50g",
    "price" : 16.75,
    "source" : "Woolies",
    "source_short" : "W",
    "stock_code" : "205902",
    "thumbnail_url" : "https://cdn0.woolworths.media/content/wowproductimages/medium/205902.jpg",
    "was_price" : 33.5
  },
  "W-20747-LindtLindorChocolateBlockMilk" : {
    "brand" : "lindt lindor",
    "category" : "Pantry",
    "crawl_time" : 1.513115419459753E9,
    "end_promotion_date" : "12-12-2017",
    "id" : "W-20747-LindtLindorChocolateBlockMilk",
    "is_available" : true,
    "is_on_special" : true,
    "is_valid" : true,
    "key" : "13-12-2017/lists/all/W-20747-LindtLindorChocolateBlockMilk",
    "key_in_category_list" : "13-12-2017/lists/pantry/W-20747-LindtLindorChocolateBlockMilk",
    "likes" : 0,
    "name" : "Lindt Lindor Chocolate Block Milk",
    "package_price" : "$2.12 / 100G",
    "package_size" : "100g block",
    "price" : 2.12,
    "source" : "Woolies",
    "source_short" : "W",
    "stock_code" : "20747",
    "thumbnail_url" : "https://cdn0.woolworths.media/content/wowproductimages/medium/020747.jpg",
    "was_price" : 4.25
  },
  "W-208687-SchwarzkopfExtraCareShampooLiquidSilk" : {
    "brand" : "schwarzkopf extra care",
    "category" : "Health & Beauty",
    "crawl_time" : 1.513115554584372E9,
    "end_promotion_date" : "12-12-2017",
    "id" : "W-208687-SchwarzkopfExtraCareShampooLiquidSilk",
    "is_available" : true,
    "is_on_special" : true,
    "is_valid" : true,
    "key" : "13-12-2017/lists/all/W-208687-SchwarzkopfExtraCareShampooLiquidSilk",
    "key_in_category_list" : "13-12-2017/lists/beauty/W-208687-SchwarzkopfExtraCareShampooLiquidSilk",
    "likes" : 0,
    "name" : "Schwarzkopf Extra Care Shampoo Liquid Silk",
    "package_price" : "$0.86 / 100ML",
    "package_size" : "400ml",
    "price" : 3.44,
    "source" : "Woolies",
    "source_short" : "W",
    "stock_code" : "208687",
    "thumbnail_url" : "https://cdn0.woolworths.media/content/wowproductimages/medium/208687.jpg",
    "was_price" : 6.9
  },
  "W-208689-SchwarzkopfExtraCareConditionerLiquidSilk" : {
    "brand" : "schwarzkopf extra care",
    "category" : "Health & Beauty",
    "crawl_time" : 1.513115794556255E9,
    "end_promotion_date" : "12-12-2017",
    "id" : "W-208689-SchwarzkopfExtraCareConditionerLiquidSilk",
    "is_available" : true,
    "is_on_special" : true,
    "is_valid" : true,
    "key" : "13-12-2017/lists/all/W-208689-SchwarzkopfExtraCareConditionerLiquidSilk",
    "key_in_category_list" : "13-12-2017/lists/beauty/W-208689-SchwarzkopfExtraCareConditionerLiquidSilk",
    "likes" : 0,
    "name" : "Schwarzkopf Extra Care Conditioner Liquid Silk",
    "package_price" : "$0.86 / 100ML",
    "package_size" : "400ml",
    "price" : 3.44,
    "source" : "Woolies",
    "source_short" : "W",
    "stock_code" : "208689",
    "thumbnail_url" : "https://cdn0.woolworths.media/content/wowproductimages/medium/208689.jpg",
    "was_price" : 6.9
  },
  "W-208698-SchwarzkopfExtraCareConditionerColourProtect" : {
    "brand" : "schwarzkopf extra care",
    "category" : "Health & Beauty",
    "crawl_time" : 1.513115452712418E9,
    "end_promotion_date" : "12-12-2017",
    "id" : "W-208698-SchwarzkopfExtraCareConditionerColourProtect",
    "is_available" : true,
    "is_on_special" : true,
    "is_valid" : true,
    "key" : "13-12-2017/lists/all/W-208698-SchwarzkopfExtraCareConditionerColourProtect",
    "key_in_category_list" : "13-12-2017/lists/beauty/W-208698-SchwarzkopfExtraCareConditionerColourProtect",
    "likes" : 0,
    "name" : "Schwarzkopf Extra Care Conditioner Colour Protect",
    "package_price" : "$0.86 / 100ML",
    "package_size" : "400ml",
    "price" : 3.44,
    "source" : "Woolies",
    "source_short" : "W",
    "stock_code" : "208698",
    "thumbnail_url" : "https://cdn0.woolworths.media/content/wowproductimages/medium/208698.jpg",
    "was_price" : 6.9
  },
  "W-208704-SchwarzkopfExtraCareShampooColourProtect" : {
    "brand" : "schwarzkopf extra care",
    "category" : "Health & Beauty",
    "crawl_time" : 1.513115272641106E9,
    "end_promotion_date" : "12-12-2017",
    "id" : "W-208704-SchwarzkopfExtraCareShampooColourProtect",
    "is_available" : true,
    "is_on_special" : true,
    "is_valid" : true,
    "key" : "13-12-2017/lists/all/W-208704-SchwarzkopfExtraCareShampooColourProtect",
    "key_in_category_list" : "13-12-2017/lists/beauty/W-208704-SchwarzkopfExtraCareShampooColourProtect",
    "likes" : 0,
    "name" : "Schwarzkopf Extra Care Shampoo Colour Protect",
    "package_price" : "$0.86 / 100ML",
    "package_size" : "400ml",
    "price" : 3.44,
    "source" : "Woolies",
    "source_short" : "W",
    "stock_code" : "208704",
    "thumbnail_url" : "https://cdn0.woolworths.media/content/wowproductimages/medium/208704.jpg",
    "was_price" : 6.9
  },
  "W-21568-GreenseasTunaChunkInOliveOil" : {
    "brand" : "greenseas",
    "category" : "Pantry",
    "crawl_time" : 1.513115303780114E9,
    "end_promotion_date" : "12-12-2017",
    "id" : "W-21568-GreenseasTunaChunkInOliveOil",
    "is_available" : true,
    "is_on_special" : true,
    "is_valid" : true,
    "key" : "13-12-2017/lists/all/W-21568-GreenseasTunaChunkInOliveOil",
    "key_in_category_list" : "13-12-2017/lists/pantry/W-21568-GreenseasTunaChunkInOliveOil",
    "likes" : 0,
    "name" : "Greenseas Tuna Chunk In Olive Oil",
    "package_price" : "$10.53 / 1KG",
    "package_size" : "95g",
    "price" : 1.0,
    "source" : "Woolies",
    "source_short" : "W",
    "stock_code" : "21568",
    "thumbnail_url" : "https://cdn0.woolworths.media/content/wowproductimages/medium/021568.jpg",
    "was_price" : 2.0
  },
  "W-21569-GreenseasTunaSandwichFlakes" : {
    "brand" : "greenseas",
    "category" : "Pantry",
    "crawl_time" : 1.513115855099379E9,
    "end_promotion_date" : "12-12-2017",
    "id" : "W-21569-GreenseasTunaSandwichFlakes",
    "is_available" : true,
    "is_on_special" : true,
    "is_valid" : true,
    "key" : "13-12-2017/lists/all/W-21569-GreenseasTunaSandwichFlakes",
    "key_in_category_list" : "13-12-2017/lists/pantry/W-21569-GreenseasTunaSandwichFlakes",
    "likes" : 0,
    "name" : "Greenseas Tuna Sandwich Flakes",
    "package_price" : "$10.53 / 1KG",
    "package_size" : "95g",
    "price" : 1.0,
    "source" : "Woolies",
    "source_short" : "W",
    "stock_code" : "21569",
    "thumbnail_url" : "https://cdn0.woolworths.media/content/wowproductimages/medium/021569.jpg",
    "was_price" : 2.0
  },
  "W-217002-LindtExcellenceDarkChocolateOrangeIntense" : {
    "brand" : "lindt excellence",
    "category" : "Pantry",
    "crawl_time" : 1.513115424646686E9,
    "end_promotion_date" : "12-12-2017",
    "id" : "W-217002-LindtExcellenceDarkChocolateOrangeIntense",
    "is_available" : true,
    "is_on_special" : true,
    "is_valid" : true,
    "key" : "13-12-2017/lists/all/W-217002-LindtExcellenceDarkChocolateOrangeIntense",
    "key_in_category_list" : "13-12-2017/lists/pantry/W-217002-LindtExcellenceDarkChocolateOrangeIntense",
    "likes" : 0,
    "name" : "Lindt Excellence Dark Chocolate Orange Intense",
    "package_price" : "$2.12 / 100G",
    "package_size" : "100g block",
    "price" : 2.12,
    "source" : "Woolies",
    "source_short" : "W",
    "stock_code" : "217002",
    "thumbnail_url" : "https://cdn0.woolworths.media/content/wowproductimages/medium/217002.jpg",
    "was_price" : 4.25
  },
  "W-224213-DecorMicrosafeContainerRound" : {
    "brand" : "decor microsafe",
    "category" : "Household",
    "crawl_time" : 1.513115336976398E9,
    "end_promotion_date" : "12-12-2017",
    "id" : "W-224213-DecorMicrosafeContainerRound",
    "is_available" : true,
    "is_on_special" : true,
    "is_valid" : true,
    "key" : "13-12-2017/lists/all/W-224213-DecorMicrosafeContainerRound",
    "key_in_category_list" : "13-12-2017/lists/household/W-224213-DecorMicrosafeContainerRound",
    "likes" : 0,
    "name" : "Decor Microsafe Container Round",
    "package_price" : "$0.00 / 0",
    "package_size" : "1.5l",
    "price" : 3.99,
    "source" : "Woolies",
    "source_short" : "W",
    "stock_code" : "224213",
    "thumbnail_url" : "https://cdn0.woolworths.media/content/wowproductimages/medium/224213.jpg",
    "was_price" : 7.99
  },
  "W-224227-DecorMicrosafeContainerRound" : {
    "brand" : "decor microsafe",
    "category" : "Household",
    "crawl_time" : 1.51311534476935E9,
    "end_promotion_date" : "12-12-2017",
    "id" : "W-224227-DecorMicrosafeContainerRound",
    "is_available" : true,
    "is_on_special" : true,
    "is_valid" : true,
    "key" : "13-12-2017/lists/all/W-224227-DecorMicrosafeContainerRound",
    "key_in_category_list" : "13-12-2017/lists/household/W-224227-DecorMicrosafeContainerRound",
    "likes" : 0,
    "name" : "Decor Microsafe Container Round",
    "package_price" : "$0.00 / 0",
    "package_size" : "750ml",
    "price" : 2.99,
    "source" : "Woolies",
    "source_short" : "W",
    "stock_code" : "224227",
    "thumbnail_url" : "https://cdn0.woolworths.media/content/wowproductimages/medium/224227.jpg",
    "was_price" : 5.99
  },
  "W-224230-DecorMicrosafeContainerOblong" : {
    "brand" : "decor microsafe",
    "category" : "Household",
    "crawl_time" : 1.513115850415332E9,
    "end_promotion_date" : "12-12-2017",
    "id" : "W-224230-DecorMicrosafeContainerOblong",
    "is_available" : true,
    "is_on_special" : true,
    "is_valid" : true,
    "key" : "13-12-2017/lists/all/W-224230-DecorMicrosafeContainerOblong",
    "key_in_category_list" : "13-12-2017/lists/household/W-224230-DecorMicrosafeContainerOblong",
    "likes" : 0,
    "name" : "Decor Microsafe Container Oblong",
    "package_price" : "$0.00 / 0",
    "package_size" : "1.6l",
    "price" : 4.0,
    "source" : "Woolies",
    "source_short" : "W",
    "stock_code" : "224230",
    "thumbnail_url" : "https://cdn0.woolworths.media/content/wowproductimages/medium/224230.jpg",
    "was_price" : 8.0
  },
  "W-224231-DecorMicrosafeContainerOblong" : {
    "brand" : "decor microsafe",
    "category" : "Household",
    "crawl_time" : 1.513115606717004E9,
    "end_promotion_date" : "12-12-2017",
    "id" : "W-224231-DecorMicrosafeContainerOblong",
    "is_available" : true,
    "is_on_special" : true,
    "is_valid" : true,
    "key" : "13-12-2017/lists/all/W-224231-DecorMicrosafeContainerOblong",
    "key_in_category_list" : "13-12-2017/lists/household/W-224231-DecorMicrosafeContainerOblong",
    "likes" : 0,
    "name" : "Decor Microsafe Container Oblong",
    "package_price" : "$0.00 / 0",
    "package_size" : "900ml",
    "price" : 2.99,
    "source" : "Woolies",
    "source_short" : "W",
    "stock_code" : "224231",
    "thumbnail_url" : "https://cdn0.woolworths.media/content/wowproductimages/medium/224231.jpg",
    "was_price" : 5.99
  },
  "W-226101-NescafeCoffeeSachetsLatte" : {
    "brand" : "nescafe",
    "category" : "Pantry",
    "crawl_time" : 1.513115627245023E9,
    "end_promotion_date" : "12-12-2017",
    "id" : "W-226101-NescafeCoffeeSachetsLatte",
    "is_available" : true,
    "is_on_special" : true,
    "is_valid" : true,
    "key" : "13-12-2017/lists/all/W-226101-NescafeCoffeeSachetsLatte",
    "key_in_category_list" : "13-12-2017/lists/pantry/W-226101-NescafeCoffeeSachetsLatte",
    "likes" : 0,
    "name" : "Nescafe Coffee Sachets Latte",
    "package_price" : "$1.83 / 100G",
    "package_size" : "10pk",
    "price" : 3.29,
    "source" : "Woolies",
    "source_short" : "W",
    "stock_code" : "226101",
    "thumbnail_url" : "https://cdn0.woolworths.media/content/wowproductimages/medium/226101.jpg",
    "was_price" : 6.59
  },
  "W-226106-NescafeCoffeeSachetsMocha" : {
    "brand" : "nescafe",
    "category" : "Pantry",
    "crawl_time" : 1.513115291590259E9,
    "end_promotion_date" : "12-12-2017",
    "id" : "W-226106-NescafeCoffeeSachetsMocha",
    "is_available" : true,
    "is_on_special" : true,
    "is_valid" : true,
    "key" : "13-12-2017/lists/all/W-226106-NescafeCoffeeSachetsMocha",
    "key_in_category_list" : "13-12-2017/lists/pantry/W-226106-NescafeCoffeeSachetsMocha",
    "likes" : 1,
    "name" : "Nescafe Coffee Sachets Mocha",
    "package_price" : "$1.83 / 100G",
    "package_size" : "10pk",
    "price" : 3.29,
    "source" : "Woolies",
    "source_short" : "W",
    "stock_code" : "226106",
    "thumbnail_url" : "https://cdn0.woolworths.media/content/wowproductimages/medium/226106.jpg",
    "was_price" : 6.59
  },
  "W-226645-OlayTotalEffectsinAntiageingSerum" : {
    "brand" : "olay",
    "category" : "Health & Beauty",
    "crawl_time" : 1.513115511399997E9,
    "end_promotion_date" : "12-12-2017",
    "id" : "W-226645-OlayTotalEffectsinAntiageingSerum",
    "is_available" : true,
    "is_on_special" : true,
    "is_valid" : true,
    "key" : "13-12-2017/lists/all/W-226645-OlayTotalEffectsinAntiageingSerum",
    "key_in_category_list" : "13-12-2017/lists/beauty/W-226645-OlayTotalEffectsinAntiageingSerum",
    "likes" : 0,
    "name" : "Olay Total Effects 7-in-1 Anti-ageing Serum",
    "package_price" : "$33.98 / 100ML",
    "package_size" : "50ml",
    "price" : 16.99,
    "source" : "Woolies",
    "source_short" : "W",
    "stock_code" : "226645",
    "thumbnail_url" : "https://cdn0.woolworths.media/content/wowproductimages/medium/226645.jpg",
    "was_price" : 33.99
  },
  "W-226664-NescafeCoffeeSachetsCappucinoSweet" : {
    "brand" : "nescafe",
    "category" : "Pantry",
    "crawl_time" : 1.513115676430318E9,
    "end_promotion_date" : "12-12-2017",
    "id" : "W-226664-NescafeCoffeeSachetsCappucinoSweet",
    "is_available" : true,
    "is_on_special" : true,
    "is_valid" : true,
    "key" : "13-12-2017/lists/all/W-226664-NescafeCoffeeSachetsCappucinoSweet",
    "key_in_category_list" : "13-12-2017/lists/pantry/W-226664-NescafeCoffeeSachetsCappucinoSweet",
    "likes" : 1,
    "name" : "Nescafe Coffee Sachets Cappucino Sweet",
    "package_price" : "$2.35 / 100G",
    "package_size" : "10pk",
    "price" : 3.29,
    "source" : "Woolies",
    "source_short" : "W",
    "stock_code" : "226664",
    "thumbnail_url" : "https://cdn0.woolworths.media/content/wowproductimages/medium/226664.jpg",
    "was_price" : 6.59
  },
  "W-226666-NescafeCoffeeSachetsLatteHazelnut" : {
    "brand" : "nescafe",
    "category" : "Pantry",
    "crawl_time" : 1.51311535456648E9,
    "end_promotion_date" : "12-12-2017",
    "id" : "W-226666-NescafeCoffeeSachetsLatteHazelnut",
    "is_available" : true,
    "is_on_special" : true,
    "is_valid" : true,
    "key" : "13-12-2017/lists/all/W-226666-NescafeCoffeeSachetsLatteHazelnut",
    "key_in_category_list" : "13-12-2017/lists/pantry/W-226666-NescafeCoffeeSachetsLatteHazelnut",
    "likes" : 1,
    "name" : "Nescafe Coffee Sachets Latte Hazelnut",
    "package_price" : "$1.83 / 100G",
    "package_size" : "10pk",
    "price" : 3.29,
    "source" : "Woolies",
    "source_short" : "W",
    "stock_code" : "226666",
    "thumbnail_url" : "https://cdn0.woolworths.media/content/wowproductimages/medium/226666.jpg",
    "was_price" : 6.59
  },
  "W-226906-NescafeCoffeeSachetsLatteVanilla" : {
    "brand" : "nescafe",
    "category" : "Pantry",
    "crawl_time" : 1.513115466608131E9,
    "end_promotion_date" : "12-12-2017",
    "id" : "W-226906-NescafeCoffeeSachetsLatteVanilla",
    "is_available" : true,
    "is_on_special" : true,
    "is_valid" : true,
    "key" : "13-12-2017/lists/all/W-226906-NescafeCoffeeSachetsLatteVanilla",
    "key_in_category_list" : "13-12-2017/lists/pantry/W-226906-NescafeCoffeeSachetsLatteVanilla",
    "likes" : 0,
    "name" : "Nescafe Coffee Sachets Latte Vanilla",
    "package_price" : "$1.78 / 100G",
    "package_size" : "10pk",
    "price" : 3.29,
    "source" : "Woolies",
    "source_short" : "W",
    "stock_code" : "226906",
    "thumbnail_url" : "https://cdn0.woolworths.media/content/wowproductimages/medium/226906.jpg",
    "was_price" : 6.59
  },
  "W-226908-NescafeCoffeeSachetsCaramelLatte" : {
    "brand" : "nescafe",
    "category" : "Pantry",
    "crawl_time" : 1.513115442781154E9,
    "end_promotion_date" : "12-12-2017",
    "id" : "W-226908-NescafeCoffeeSachetsCaramelLatte",
    "is_available" : true,
    "is_on_special" : true,
    "is_valid" : true,
    "key" : "13-12-2017/lists/all/W-226908-NescafeCoffeeSachetsCaramelLatte",
    "key_in_category_list" : "13-12-2017/lists/pantry/W-226908-NescafeCoffeeSachetsCaramelLatte",
    "likes" : 2,
    "name" : "Nescafe Coffee Sachets Caramel Latte",
    "package_price" : "$1.94 / 100G",
    "package_size" : "10pk",
    "price" : 3.29,
    "source" : "Woolies",
    "source_short" : "W",
    "stock_code" : "226908",
    "thumbnail_url" : "https://cdn0.woolworths.media/content/wowproductimages/medium/226908.jpg",
    "was_price" : 6.59
  },
  "W-23597-EnergizerMaxAaBatteries" : {
    "brand" : "energizer max",
    "category" : "Household",
    "crawl_time" : 1.513115791142951E9,
    "end_promotion_date" : "12-12-2017",
    "id" : "W-23597-EnergizerMaxAaBatteries",
    "is_available" : true,
    "is_on_special" : true,
    "is_valid" : true,
    "key" : "13-12-2017/lists/all/W-23597-EnergizerMaxAaBatteries",
    "key_in_category_list" : "13-12-2017/lists/household/W-23597-EnergizerMaxAaBatteries",
    "likes" : 2,
    "name" : "Energizer Max Aa Batteries ",
    "package_price" : "$0.61 / 1EA",
    "package_size" : "16pk",
    "price" : 9.75,
    "source" : "Woolies",
    "source_short" : "W",
    "stock_code" : "23597",
    "thumbnail_url" : "https://cdn0.woolworths.media/content/wowproductimages/medium/023597.jpg",
    "was_price" : 19.5
  },
  "W-24456-BondsWomensUnderwearCottontailsSize" : {
    "brand" : "bonds women's",
    "category" : "Household",
    "crawl_time" : 1.513115295189407E9,
    "end_promotion_date" : "12-12-2017",
    "id" : "W-24456-BondsWomensUnderwearCottontailsSize",
    "is_available" : true,
    "is_on_special" : true,
    "is_valid" : true,
    "key" : "13-12-2017/lists/all/W-24456-BondsWomensUnderwearCottontailsSize",
    "key_in_category_list" : "13-12-2017/lists/household/W-24456-BondsWomensUnderwearCottontailsSize",
    "likes" : 0,
    "name" : "Bonds Women's Underwear Cottontails Size 12",
    "package_price" : "$0.00 / 0",
    "package_size" : "2pk",
    "price" : 6.5,
    "source" : "Woolies",
    "source_short" : "W",
    "stock_code" : "24456",
    "thumbnail_url" : "https://cdn0.woolworths.media/content/wowproductimages/medium/024456.jpg",
    "was_price" : 13.0
  },
  "W-24458-BondsWomensUnderwearCottontailsSize" : {
    "brand" : "bonds womens",
    "category" : "Household",
    "crawl_time" : 1.513115744633797E9,
    "end_promotion_date" : "12-12-2017",
    "id" : "W-24458-BondsWomensUnderwearCottontailsSize",
    "is_available" : true,
    "is_on_special" : true,
    "is_valid" : true,
    "key" : "13-12-2017/lists/all/W-24458-BondsWomensUnderwearCottontailsSize",
    "key_in_category_list" : "13-12-2017/lists/household/W-24458-BondsWomensUnderwearCottontailsSize",
    "likes" : 0,
    "name" : "Bonds Womens Underwear Cottontails Size 14",
    "package_price" : "$0.00 / 0",
    "package_size" : "2pk",
    "price" : 6.5,
    "source" : "Woolies",
    "source_short" : "W",
    "stock_code" : "24458",
    "thumbnail_url" : "https://cdn0.woolworths.media/content/wowproductimages/medium/024458.jpg",
    "was_price" : 13.0
  },
  "W-24459-BondsWomensUnderwearCottontailsSize" : {
    "brand" : "bonds womens",
    "category" : "Household",
    "crawl_time" : 1.513115686485704E9,
    "end_promotion_date" : "12-12-2017",
    "id" : "W-24459-BondsWomensUnderwearCottontailsSize",
    "is_available" : true,
    "is_on_special" : true,
    "is_valid" : true,
    "key" : "13-12-2017/lists/all/W-24459-BondsWomensUnderwearCottontailsSize",
    "key_in_category_list" : "13-12-2017/lists/household/W-24459-BondsWomensUnderwearCottontailsSize",
    "likes" : 0,
    "name" : "Bonds Womens Underwear Cottontails Size 16",
    "package_price" : "$0.00 / 0",
    "package_size" : "2pk",
    "price" : 6.5,
    "source" : "Woolies",
    "source_short" : "W",
    "stock_code" : "24459",
    "thumbnail_url" : "https://cdn0.woolworths.media/content/wowproductimages/medium/024459.jpg",
    "was_price" : 13.0
  },
  "W-24460-BondsWomensUnderwearCottontailsSize" : {
    "brand" : "bonds womens",
    "category" : "Household",
    "crawl_time" : 1.513115856331901E9,
    "end_promotion_date" : "12-12-2017",
    "id" : "W-24460-BondsWomensUnderwearCottontailsSize",
    "is_available" : true,
    "is_on_special" : true,
    "is_valid" : true,
    "key" : "13-12-2017/lists/all/W-24460-BondsWomensUnderwearCottontailsSize",
    "key_in_category_list" : "13-12-2017/lists/household/W-24460-BondsWomensUnderwearCottontailsSize",
    "likes" : 0,
    "name" : "Bonds Womens Underwear Cottontails Size 18",
    "package_price" : "$0.00 / 0",
    "package_size" : "2pk",
    "price" : 6.5,
    "source" : "Woolies",
    "source_short" : "W",
    "stock_code" : "24460",
    "thumbnail_url" : "https://cdn0.woolworths.media/content/wowproductimages/medium/024460.jpg",
    "was_price" : 13.0
  },
  "W-24463-BondsWomensUnderwearCottontailsSize" : {
    "brand" : "bonds womens",
    "category" : "Household",
    "crawl_time" : 1.513115745774925E9,
    "end_promotion_date" : "12-12-2017",
    "id" : "W-24463-BondsWomensUnderwearCottontailsSize",
    "is_available" : true,
    "is_on_special" : true,
    "is_valid" : true,
    "key" : "13-12-2017/lists/all/W-24463-BondsWomensUnderwearCottontailsSize",
    "key_in_category_list" : "13-12-2017/lists/household/W-24463-BondsWomensUnderwearCottontailsSize",
    "likes" : 0,
    "name" : "Bonds Womens Underwear Cottontails Size 20",
    "package_price" : "$0.00 / 0",
    "package_size" : "2pk",
    "price" : 6.5,
    "source" : "Woolies",
    "source_short" : "W",
    "stock_code" : "24463",
    "thumbnail_url" : "https://cdn0.woolworths.media/content/wowproductimages/medium/024463.jpg",
    "was_price" : 13.0
  },
  "W-24465-BondsWomensUnderwearCottontailsSize" : {
    "brand" : "bonds womens",
    "category" : "Household",
    "crawl_time" : 1.513115821581128E9,
    "end_promotion_date" : "12-12-2017",
    "id" : "W-24465-BondsWomensUnderwearCottontailsSize",
    "is_available" : true,
    "is_on_special" : true,
    "is_valid" : true,
    "key" : "13-12-2017/lists/all/W-24465-BondsWomensUnderwearCottontailsSize",
    "key_in_category_list" : "13-12-2017/lists/household/W-24465-BondsWomensUnderwearCottontailsSize",
    "likes" : 0,
    "name" : "Bonds Womens Underwear Cottontails Size 22",
    "package_price" : "$0.00 / 0",
    "package_size" : "2pk",
    "price" : 6.5,
    "source" : "Woolies",
    "source_short" : "W",
    "stock_code" : "24465",
    "thumbnail_url" : "https://cdn0.woolworths.media/content/wowproductimages/medium/024465.jpg",
    "was_price" : 13.0
  },
  "W-246145-BondsSocksMensBusinessLogoSize" : {
    "brand" : "bonds",
    "category" : "Household",
    "crawl_time" : 1.513115593167492E9,
    "end_promotion_date" : "12-12-2017",
    "id" : "W-246145-BondsSocksMensBusinessLogoSize",
    "is_available" : true,
    "is_on_special" : true,
    "is_valid" : true,
    "key" : "13-12-2017/lists/all/W-246145-BondsSocksMensBusinessLogoSize",
    "key_in_category_list" : "13-12-2017/lists/household/W-246145-BondsSocksMensBusinessLogoSize",
    "likes" : 0,
    "name" : "Bonds Socks Mens Business Logo Size 6-10",
    "package_price" : "$2.33 / 1EA",
    "package_size" : "3pk",
    "price" : 7.0,
    "source" : "Woolies",
    "source_short" : "W",
    "stock_code" : "246145",
    "thumbnail_url" : "https://cdn0.woolworths.media/content/wowproductimages/medium/246145.jpg",
    "was_price" : 14.0
  },
  "W-246151-CocaColaZeroCan" : {
    "brand" : "coca cola",
    "category" : "Drinks",
    "crawl_time" : 1.513107031957873E9,
    "end_promotion_date" : "12-12-2017",
    "id" : "W-246151-CocaColaZeroCan",
    "is_available" : true,
    "is_on_special" : true,
    "is_valid" : true,
    "key" : "13-12-2017/lists/all/W-246151-CocaColaZeroCan",
    "key_in_category_list" : "13-12-2017/lists/drinks/W-246151-CocaColaZeroCan",
    "likes" : 0,
    "name" : "Coca Cola Zero Can",
    "package_price" : "$1.96 / 1L",
    "package_size" : "30x375ml",
    "price" : 22.05,
    "source" : "Woolies",
    "source_short" : "W",
    "stock_code" : "246151",
    "thumbnail_url" : "https://cdn0.woolworths.media/content/wowproductimages/medium/246151.jpg",
    "was_price" : 39.6
  },
  "W-246913-BondsWomensUnderwearBikiniHipsterSize" : {
    "brand" : "bonds womens",
    "category" : "Household",
    "crawl_time" : 1.513115325417838E9,
    "end_promotion_date" : "12-12-2017",
    "id" : "W-246913-BondsWomensUnderwearBikiniHipsterSize",
    "is_available" : true,
    "is_on_special" : true,
    "is_valid" : true,
    "key" : "13-12-2017/lists/all/W-246913-BondsWomensUnderwearBikiniHipsterSize",
    "key_in_category_list" : "13-12-2017/lists/household/W-246913-BondsWomensUnderwearBikiniHipsterSize",
    "likes" : 1,
    "name" : "Bonds Womens Underwear Bikini Hipster Size 10",
    "package_price" : "$0.00 / 0",
    "package_size" : "2pk",
    "price" : 9.0,
    "source" : "Woolies",
    "source_short" : "W",
    "stock_code" : "246913",
    "thumbnail_url" : "https://cdn0.woolworths.media/content/wowproductimages/medium/246913.jpg",
    "was_price" : 18.0
  },
  "W-246914-BondsWomensUnderwearBikiniHipsterSize" : {
    "brand" : "bonds womens",
    "category" : "Household",
    "crawl_time" : 1.513115845111452E9,
    "end_promotion_date" : "12-12-2017",
    "id" : "W-246914-BondsWomensUnderwearBikiniHipsterSize",
    "is_available" : true,
    "is_on_special" : true,
    "is_valid" : true,
    "key" : "13-12-2017/lists/all/W-246914-BondsWomensUnderwearBikiniHipsterSize",
    "key_in_category_list" : "13-12-2017/lists/household/W-246914-BondsWomensUnderwearBikiniHipsterSize",
    "likes" : 0,
    "name" : "Bonds Womens Underwear Bikini Hipster Size 12",
    "package_price" : "$0.00 / 0",
    "package_size" : "2pk",
    "price" : 9.0,
    "source" : "Woolies",
    "source_short" : "W",
    "stock_code" : "246914",
    "thumbnail_url" : "https://cdn0.woolworths.media/content/wowproductimages/medium/246914.jpg",
    "was_price" : 18.0
  },
  "W-246915-BondsWomensUnderwearBikiniHipsterSize" : {
    "brand" : "bonds womens",
    "category" : "Household",
    "crawl_time" : 1.513115273784951E9,
    "end_promotion_date" : "12-12-2017",
    "id" : "W-246915-BondsWomensUnderwearBikiniHipsterSize",
    "is_available" : true,
    "is_on_special" : true,
    "is_valid" : true,
    "key" : "13-12-2017/lists/all/W-246915-BondsWomensUnderwearBikiniHipsterSize",
    "key_in_category_list" : "13-12-2017/lists/household/W-246915-BondsWomensUnderwearBikiniHipsterSize",
    "likes" : 0,
    "name" : "Bonds Womens Underwear Bikini Hipster Size 14",
    "package_price" : "$0.00 / 0",
    "package_size" : "2pk",
    "price" : 9.0,
    "source" : "Woolies",
    "source_short" : "W",
    "stock_code" : "246915",
    "thumbnail_url" : "https://cdn0.woolworths.media/content/wowproductimages/medium/246915.jpg",
    "was_price" : 18.0
  },
  "W-246916-BondsWomensUnderwearBikiniHipsterSize" : {
    "brand" : "bonds womens",
    "category" : "Household",
    "crawl_time" : 1.513115628503708E9,
    "end_promotion_date" : "12-12-2017",
    "id" : "W-246916-BondsWomensUnderwearBikiniHipsterSize",
    "is_available" : true,
    "is_on_special" : true,
    "is_valid" : true,
    "key" : "13-12-2017/lists/all/W-246916-BondsWomensUnderwearBikiniHipsterSize",
    "key_in_category_list" : "13-12-2017/lists/household/W-246916-BondsWomensUnderwearBikiniHipsterSize",
    "likes" : 0,
    "name" : "Bonds Womens Underwear Bikini Hipster Size 16",
    "package_price" : "$0.00 / 0",
    "package_size" : "2pk",
    "price" : 9.0,
    "source" : "Woolies",
    "source_short" : "W",
    "stock_code" : "246916",
    "thumbnail_url" : "https://cdn0.woolworths.media/content/wowproductimages/medium/246916.jpg",
    "was_price" : 18.0
  },
  "W-246917-BondsWomensUnderwearHipsterBoylegSize" : {
    "brand" : "bonds womens",
    "category" : "Household",
    "crawl_time" : 1.513115301334556E9,
    "end_promotion_date" : "12-12-2017",
    "id" : "W-246917-BondsWomensUnderwearHipsterBoylegSize",
    "is_available" : true,
    "is_on_special" : true,
    "is_valid" : true,
    "key" : "13-12-2017/lists/all/W-246917-BondsWomensUnderwearHipsterBoylegSize",
    "key_in_category_list" : "13-12-2017/lists/household/W-246917-BondsWomensUnderwearHipsterBoylegSize",
    "likes" : 1,
    "name" : "Bonds Womens Underwear Hipster Boyleg Size 10",
    "package_price" : "$0.00 / 0",
    "package_size" : "2pk",
    "price" : 9.0,
    "source" : "Woolies",
    "source_short" : "W",
    "stock_code" : "246917",
    "thumbnail_url" : "https://cdn0.woolworths.media/content/wowproductimages/medium/246917.jpg",
    "was_price" : 18.0
  },
  "W-246918-BondsWomensUnderwearHipsterBoylegSize" : {
    "brand" : "bonds womens",
    "category" : "Household",
    "crawl_time" : 1.513115443956956E9,
    "end_promotion_date" : "12-12-2017",
    "id" : "W-246918-BondsWomensUnderwearHipsterBoylegSize",
    "is_available" : true,
    "is_on_special" : true,
    "is_valid" : true,
    "key" : "13-12-2017/lists/all/W-246918-BondsWomensUnderwearHipsterBoylegSize",
    "key_in_category_list" : "13-12-2017/lists/household/W-246918-BondsWomensUnderwearHipsterBoylegSize",
    "likes" : 0,
    "name" : "Bonds Womens Underwear Hipster Boyleg Size 12",
    "package_price" : "$0.00 / 0",
    "package_size" : "2pk",
    "price" : 9.0,
    "source" : "Woolies",
    "source_short" : "W",
    "stock_code" : "246918",
    "thumbnail_url" : "https://cdn0.woolworths.media/content/wowproductimages/medium/246918.jpg",
    "was_price" : 18.0
  },
  "W-246920-BondsWomensUnderwearHipsterBoylegSize" : {
    "brand" : "bonds womens",
    "category" : "Household",
    "crawl_time" : 1.513115817665692E9,
    "end_promotion_date" : "12-12-2017",
    "id" : "W-246920-BondsWomensUnderwearHipsterBoylegSize",
    "is_available" : true,
    "is_on_special" : true,
    "is_valid" : true,
    "key" : "13-12-2017/lists/all/W-246920-BondsWomensUnderwearHipsterBoylegSize",
    "key_in_category_list" : "13-12-2017/lists/household/W-246920-BondsWomensUnderwearHipsterBoylegSize",
    "likes" : 0,
    "name" : "Bonds Womens Underwear Hipster Boyleg Size 14",
    "package_price" : "$0.00 / 0",
    "package_size" : "2pk",
    "price" : 9.0,
    "source" : "Woolies",
    "source_short" : "W",
    "stock_code" : "246920",
    "thumbnail_url" : "https://cdn0.woolworths.media/content/wowproductimages/medium/246920.jpg",
    "was_price" : 18.0
  },
  "W-246921-BondsWomensUnderwearHipsterBoylegSize" : {
    "brand" : "bonds womens",
    "category" : "Household",
    "crawl_time" : 1.513115629671836E9,
    "end_promotion_date" : "12-12-2017",
    "id" : "W-246921-BondsWomensUnderwearHipsterBoylegSize",
    "is_available" : true,
    "is_on_special" : true,
    "is_valid" : true,
    "key" : "13-12-2017/lists/all/W-246921-BondsWomensUnderwearHipsterBoylegSize",
    "key_in_category_list" : "13-12-2017/lists/household/W-246921-BondsWomensUnderwearHipsterBoylegSize",
    "likes" : 0,
    "name" : "Bonds Womens Underwear Hipster Boyleg Size 16",
    "package_price" : "$0.00 / 0",
    "package_size" : "2pk",
    "price" : 9.0,
    "source" : "Woolies",
    "source_short" : "W",
    "stock_code" : "246921",
    "thumbnail_url" : "https://cdn0.woolworths.media/content/wowproductimages/medium/246921.jpg",
    "was_price" : 18.0
  },
  "W-24730-ColgatePlaxMouthwashFreshMint" : {
    "brand" : "colgate",
    "category" : "Pantry",
    "crawl_time" : 1.513115620952983E9,
    "end_promotion_date" : "12-12-2017",
    "id" : "W-24730-ColgatePlaxMouthwashFreshMint",
    "is_available" : true,
    "is_on_special" : true,
    "is_valid" : true,
    "key" : "13-12-2017/lists/all/W-24730-ColgatePlaxMouthwashFreshMint",
    "key_in_category_list" : "13-12-2017/lists/pantry/W-24730-ColgatePlaxMouthwashFreshMint",
    "likes" : 3,
    "name" : "Colgate Plax Mouthwash Fresh Mint",
    "package_price" : "$0.60 / 100ML",
    "package_size" : "500ml",
    "price" : 2.99,
    "source" : "Woolies",
    "source_short" : "W",
    "stock_code" : "24730",
    "thumbnail_url" : "https://cdn0.woolworths.media/content/wowproductimages/medium/024730.jpg",
    "was_price" : 5.99
  },
  "W-248556-NescafeCoffeeSachetsCappucinoSkim" : {
    "brand" : "nescafe",
    "category" : "Pantry",
    "crawl_time" : 1.513115756756987E9,
    "end_promotion_date" : "12-12-2017",
    "id" : "W-248556-NescafeCoffeeSachetsCappucinoSkim",
    "is_available" : true,
    "is_on_special" : true,
    "is_valid" : true,
    "key" : "13-12-2017/lists/all/W-248556-NescafeCoffeeSachetsCappucinoSkim",
    "key_in_category_list" : "13-12-2017/lists/pantry/W-248556-NescafeCoffeeSachetsCappucinoSkim",
    "likes" : 0,
    "name" : "Nescafe Coffee Sachets Cappucino Skim",
    "package_price" : "$2.63 / 100G",
    "package_size" : "10pk",
    "price" : 3.29,
    "source" : "Woolies",
    "source_short" : "W",
    "stock_code" : "248556",
    "thumbnail_url" : "https://cdn0.woolworths.media/content/wowproductimages/medium/248556.jpg",
    "was_price" : 6.59
  },
  "W-248569-NescafeCoffeeSachetsDecaffeinated" : {
    "brand" : "nescafe",
    "category" : "Pantry",
    "crawl_time" : 1.513115304969145E9,
    "end_promotion_date" : "12-12-2017",
    "id" : "W-248569-NescafeCoffeeSachetsDecaffeinated",
    "is_available" : true,
    "is_on_special" : true,
    "is_valid" : true,
    "key" : "13-12-2017/lists/all/W-248569-NescafeCoffeeSachetsDecaffeinated",
    "key_in_category_list" : "13-12-2017/lists/pantry/W-248569-NescafeCoffeeSachetsDecaffeinated",
    "likes" : 0,
    "name" : "Nescafe Coffee Sachets Decaffeinated",
    "package_price" : "$2.10 / 100G",
    "package_size" : "10pk",
    "price" : 3.29,
    "source" : "Woolies",
    "source_short" : "W",
    "stock_code" : "248569",
    "thumbnail_url" : "https://cdn0.woolworths.media/content/wowproductimages/medium/248569.jpg",
    "was_price" : 6.59
  },
  "W-249170-BullaCrunchIceCreamOrangeMintVanilla" : {
    "brand" : "bulla crunch",
    "category" : "Frozen",
    "crawl_time" : 1.513115333566417E9,
    "end_promotion_date" : "12-12-2017",
    "id" : "W-249170-BullaCrunchIceCreamOrangeMintVanilla",
    "is_available" : true,
    "is_on_special" : true,
    "is_valid" : true,
    "key" : "13-12-2017/lists/all/W-249170-BullaCrunchIceCreamOrangeMintVanilla",
    "key_in_category_list" : "13-12-2017/lists/frozen/W-249170-BullaCrunchIceCreamOrangeMintVanilla",
    "likes" : 0,
    "name" : "Bulla Crunch Ice Cream Orange Mint Vanilla",
    "package_price" : "$0.54 / 100ML",
    "package_size" : "8pk 631ml",
    "price" : 3.4,
    "source" : "Woolies",
    "source_short" : "W",
    "stock_code" : "249170",
    "thumbnail_url" : "https://cdn0.woolworths.media/content/wowproductimages/medium/249170.jpg",
    "was_price" : 6.8
  },
  "W-252151-DecorMicrosafeSoupMug" : {
    "brand" : "decor microsafe",
    "category" : "Household",
    "crawl_time" : 1.513115842416111E9,
    "end_promotion_date" : "12-12-2017",
    "id" : "W-252151-DecorMicrosafeSoupMug",
    "is_available" : true,
    "is_on_special" : true,
    "is_valid" : true,
    "key" : "13-12-2017/lists/all/W-252151-DecorMicrosafeSoupMug",
    "key_in_category_list" : "13-12-2017/lists/household/W-252151-DecorMicrosafeSoupMug",
    "likes" : 0,
    "name" : "Decor Microsafe Soup Mug ",
    "package_price" : "$0.00 / 0",
    "package_size" : "each",
    "price" : 2.49,
    "source" : "Woolies",
    "source_short" : "W",
    "stock_code" : "252151",
    "thumbnail_url" : "https://cdn0.woolworths.media/content/wowproductimages/medium/252151.jpg",
    "was_price" : 4.99
  },
  "W-252358-AlwaysFreshPittedKalamataOlives" : {
    "brand" : "always fresh",
    "category" : "Pantry",
    "crawl_time" : 1.513115425772483E9,
    "end_promotion_date" : "12-12-2017",
    "id" : "W-252358-AlwaysFreshPittedKalamataOlives",
    "is_available" : true,
    "is_on_special" : true,
    "is_valid" : true,
    "key" : "13-12-2017/lists/all/W-252358-AlwaysFreshPittedKalamataOlives",
    "key_in_category_list" : "13-12-2017/lists/pantry/W-252358-AlwaysFreshPittedKalamataOlives",
    "likes" : 0,
    "name" : "Always Fresh Pitted Kalamata Olives ",
    "package_price" : "$5.67 / 1KG",
    "package_size" : "670g",
    "price" : 3.8,
    "source" : "Woolies",
    "source_short" : "W",
    "stock_code" : "252358",
    "thumbnail_url" : "https://cdn0.woolworths.media/content/wowproductimages/medium/252358.jpg",
    "was_price" : 7.6
  },
  "W-25281-ColgatePlaxMouthwashPeppermint" : {
    "brand" : "colgate",
    "category" : "Health & Beauty",
    "crawl_time" : 1.513115498065085E9,
    "end_promotion_date" : "12-12-2017",
    "id" : "W-25281-ColgatePlaxMouthwashPeppermint",
    "is_available" : true,
    "is_on_special" : true,
    "is_valid" : true,
    "key" : "13-12-2017/lists/all/W-25281-ColgatePlaxMouthwashPeppermint",
    "key_in_category_list" : "13-12-2017/lists/beauty/W-25281-ColgatePlaxMouthwashPeppermint",
    "likes" : 4,
    "name" : "Colgate Plax Mouthwash Peppermint",
    "package_price" : "$0.60 / 100ML",
    "package_size" : "500ml",
    "price" : 2.99,
    "source" : "Woolies",
    "source_short" : "W",
    "stock_code" : "25281",
    "thumbnail_url" : "https://cdn0.woolworths.media/content/wowproductimages/medium/025281.jpg",
    "was_price" : 5.99
  },
  "W-253582-OlayCompleteUvSpfLotionNormalDry" : {
    "brand" : "olay",
    "category" : "Health & Beauty",
    "crawl_time" : 1.513115462008679E9,
    "end_promotion_date" : "12-12-2017",
    "id" : "W-253582-OlayCompleteUvSpfLotionNormalDry",
    "is_available" : true,
    "is_on_special" : true,
    "is_valid" : true,
    "key" : "13-12-2017/lists/all/W-253582-OlayCompleteUvSpfLotionNormalDry",
    "key_in_category_list" : "13-12-2017/lists/beauty/W-253582-OlayCompleteUvSpfLotionNormalDry",
    "likes" : 0,
    "name" : "Olay Complete Uv Spf15+ Lotion Normal Dry",
    "package_price" : "$5.13 / 100ML",
    "package_size" : "150ml",
    "price" : 7.7,
    "source" : "Woolies",
    "source_short" : "W",
    "stock_code" : "253582",
    "thumbnail_url" : "https://cdn0.woolworths.media/content/wowproductimages/medium/253582.jpg",
    "was_price" : 15.4
  },
  "W-253583-OlayCompleteUvProtectionSensitiveSp" : {
    "brand" : "olay",
    "category" : "Health & Beauty",
    "crawl_time" : 1.513115692515781E9,
    "end_promotion_date" : "12-12-2017",
    "id" : "W-253583-OlayCompleteUvProtectionSensitiveSp",
    "is_available" : true,
    "is_on_special" : true,
    "is_valid" : true,
    "key" : "13-12-2017/lists/all/W-253583-OlayCompleteUvProtectionSensitiveSp",
    "key_in_category_list" : "13-12-2017/lists/beauty/W-253583-OlayCompleteUvProtectionSensitiveSp",
    "likes" : 0,
    "name" : "Olay Complete Uv Protection Sensitive Sp15+",
    "package_price" : "$5.13 / 100ML",
    "package_size" : "150ml",
    "price" : 7.7,
    "source" : "Woolies",
    "source_short" : "W",
    "stock_code" : "253583",
    "thumbnail_url" : "https://cdn0.woolworths.media/content/wowproductimages/medium/253583.jpg",
    "was_price" : 15.4
  },
  "W-253584-OlayCompleteUvProtectionCombinationOily" : {
    "brand" : "olay",
    "category" : "Health & Beauty",
    "crawl_time" : 1.513115316670312E9,
    "end_promotion_date" : "12-12-2017",
    "id" : "W-253584-OlayCompleteUvProtectionCombinationOily",
    "is_available" : true,
    "is_on_special" : true,
    "is_valid" : true,
    "key" : "13-12-2017/lists/all/W-253584-OlayCompleteUvProtectionCombinationOily",
    "key_in_category_list" : "13-12-2017/lists/beauty/W-253584-OlayCompleteUvProtectionCombinationOily",
    "likes" : 0,
    "name" : "Olay Complete Uv Protection Combination Oily",
    "package_price" : "$5.13 / 100ML",
    "package_size" : "150ml",
    "price" : 7.7,
    "source" : "Woolies",
    "source_short" : "W",
    "stock_code" : "253584",
    "thumbnail_url" : "https://cdn0.woolworths.media/content/wowproductimages/medium/253584.jpg",
    "was_price" : 15.4
  },
  "W-253619-BondsSocksMensLogoLowcutSize" : {
    "brand" : "bonds",
    "category" : "Household",
    "crawl_time" : 1.513115862940558E9,
    "end_promotion_date" : "12-12-2017",
    "id" : "W-253619-BondsSocksMensLogoLowcutSize",
    "is_available" : true,
    "is_on_special" : true,
    "is_valid" : true,
    "key" : "13-12-2017/lists/all/W-253619-BondsSocksMensLogoLowcutSize",
    "key_in_category_list" : "13-12-2017/lists/household/W-253619-BondsSocksMensLogoLowcutSize",
    "likes" : 0,
    "name" : "Bonds Socks Mens Logo Lowcut Size 6-10",
    "package_price" : "$2.33 / 1EA",
    "package_size" : "3pk",
    "price" : 7.0,
    "source" : "Woolies",
    "source_short" : "W",
    "stock_code" : "253619",
    "thumbnail_url" : "https://cdn0.woolworths.media/content/wowproductimages/medium/253619.jpg",
    "was_price" : 14.0
  },
  "W-253620-BondsWomensSocksLogoLowCutLogoSize" : {
    "brand" : "bonds womens",
    "category" : "Household",
    "crawl_time" : 1.513115718731191E9,
    "end_promotion_date" : "12-12-2017",
    "id" : "W-253620-BondsWomensSocksLogoLowCutLogoSize",
    "is_available" : true,
    "is_on_special" : true,
    "is_valid" : true,
    "key" : "13-12-2017/lists/all/W-253620-BondsWomensSocksLogoLowCutLogoSize",
    "key_in_category_list" : "13-12-2017/lists/household/W-253620-BondsWomensSocksLogoLowCutLogoSize",
    "likes" : 1,
    "name" : "Bonds Womens Socks Logo Low Cut Logo Size 3-8",
    "package_price" : "$2.33 / 1EA",
    "package_size" : "3pk",
    "price" : 7.0,
    "source" : "Woolies",
    "source_short" : "W",
    "stock_code" : "253620",
    "thumbnail_url" : "https://cdn0.woolworths.media/content/wowproductimages/medium/253620.jpg",
    "was_price" : 14.0
  },
  "W-253621-BondsKidsSocksLowcutLogo" : {
    "brand" : "bonds kids",
    "category" : "Household",
    "crawl_time" : 1.513115827704561E9,
    "end_promotion_date" : "12-12-2017",
    "id" : "W-253621-BondsKidsSocksLowcutLogo",
    "is_available" : true,
    "is_on_special" : true,
    "is_valid" : true,
    "key" : "13-12-2017/lists/all/W-253621-BondsKidsSocksLowcutLogo",
    "key_in_category_list" : "13-12-2017/lists/household/W-253621-BondsKidsSocksLowcutLogo",
    "likes" : 0,
    "name" : "Bonds Kids Socks Lowcut Logo 9 - 12",
    "package_price" : "$2.33 / 1EA",
    "package_size" : "3pk",
    "price" : 7.0,
    "source" : "Woolies",
    "source_short" : "W",
    "stock_code" : "253621",
    "thumbnail_url" : "https://cdn0.woolworths.media/content/wowproductimages/medium/253621.jpg",
    "was_price" : 14.0
  },
  "W-253625-BondsKidsSocksLowcutLogo" : {
    "brand" : "bonds kids",
    "category" : "Household",
    "crawl_time" : 1.513115631180041E9,
    "end_promotion_date" : "12-12-2017",
    "id" : "W-253625-BondsKidsSocksLowcutLogo",
    "is_available" : true,
    "is_on_special" : true,
    "is_valid" : true,
    "key" : "13-12-2017/lists/all/W-253625-BondsKidsSocksLowcutLogo",
    "key_in_category_list" : "13-12-2017/lists/household/W-253625-BondsKidsSocksLowcutLogo",
    "likes" : 0,
    "name" : "Bonds Kids Socks Lowcut Logo 13 - 3",
    "package_price" : "$2.33 / 1EA",
    "package_size" : "3pk",
    "price" : 7.0,
    "source" : "Woolies",
    "source_short" : "W",
    "stock_code" : "253625",
    "thumbnail_url" : "https://cdn0.woolworths.media/content/wowproductimages/medium/253625.jpg",
    "was_price" : 14.0
  },
  "W-254052-OlayRegeneristAdvancedAntiageingFragranceFreeEyeSerum" : {
    "brand" : "olay",
    "category" : "Health & Beauty",
    "crawl_time" : 1.51311572018149E9,
    "end_promotion_date" : "12-12-2017",
    "id" : "W-254052-OlayRegeneristAdvancedAntiageingFragranceFreeEyeSerum",
    "is_available" : true,
    "is_on_special" : true,
    "is_valid" : true,
    "key" : "13-12-2017/lists/all/W-254052-OlayRegeneristAdvancedAntiageingFragranceFreeEyeSerum",
    "key_in_category_list" : "13-12-2017/lists/beauty/W-254052-OlayRegeneristAdvancedAntiageingFragranceFreeEyeSerum",
    "likes" : 1,
    "name" : "Olay Regenerist Advanced Antiageing Fragrance Free Eye Serum",
    "package_price" : "$119.93 / 100ML",
    "package_size" : "15ml",
    "price" : 17.99,
    "source" : "Woolies",
    "source_short" : "W",
    "stock_code" : "254052",
    "thumbnail_url" : "https://cdn0.woolworths.media/content/wowproductimages/medium/254052.jpg",
    "was_price" : 35.99
  },
  "W-255080-LindtExcellenceDarkChocolateMintIntense" : {
    "brand" : "lindt excellence",
    "category" : "Pantry",
    "crawl_time" : 1.513115864419049E9,
    "end_promotion_date" : "12-12-2017",
    "id" : "W-255080-LindtExcellenceDarkChocolateMintIntense",
    "is_available" : true,
    "is_on_special" : true,
    "is_valid" : true,
    "key" : "13-12-2017/lists/all/W-255080-LindtExcellenceDarkChocolateMintIntense",
    "key_in_category_list" : "13-12-2017/lists/pantry/W-255080-LindtExcellenceDarkChocolateMintIntense",
    "likes" : 0,
    "name" : "Lindt Excellence Dark Chocolate Mint Intense",
    "package_price" : "$2.12 / 100G",
    "package_size" : "100g block",
    "price" : 2.12,
    "source" : "Woolies",
    "source_short" : "W",
    "stock_code" : "255080",
    "thumbnail_url" : "https://cdn0.woolworths.media/content/wowproductimages/medium/255080.jpg",
    "was_price" : 4.25
  },
  "W-257599-BondsMensUnderwearHipsterBriefMedium" : {
    "brand" : "bonds mens",
    "category" : "Household",
    "crawl_time" : 1.513115865581036E9,
    "end_promotion_date" : "12-12-2017",
    "id" : "W-257599-BondsMensUnderwearHipsterBriefMedium",
    "is_available" : true,
    "is_on_special" : true,
    "is_valid" : true,
    "key" : "13-12-2017/lists/all/W-257599-BondsMensUnderwearHipsterBriefMedium",
    "key_in_category_list" : "13-12-2017/lists/household/W-257599-BondsMensUnderwearHipsterBriefMedium",
    "likes" : 0,
    "name" : "Bonds Mens Underwear Hipster Brief Medium",
    "package_price" : "$2.70 / 1EA",
    "package_size" : "5pk",
    "price" : 13.5,
    "source" : "Woolies",
    "source_short" : "W",
    "stock_code" : "257599",
    "thumbnail_url" : "https://cdn0.woolworths.media/content/wowproductimages/medium/257599.jpg",
    "was_price" : 27.0
  },
  "W-257600-BondsMensUnderwearHipsterBriefLarge" : {
    "brand" : "bonds mens",
    "category" : "Household",
    "crawl_time" : 1.513115757893154E9,
    "end_promotion_date" : "12-12-2017",
    "id" : "W-257600-BondsMensUnderwearHipsterBriefLarge",
    "is_available" : true,
    "is_on_special" : true,
    "is_valid" : true,
    "key" : "13-12-2017/lists/all/W-257600-BondsMensUnderwearHipsterBriefLarge",
    "key_in_category_list" : "13-12-2017/lists/household/W-257600-BondsMensUnderwearHipsterBriefLarge",
    "likes" : 0,
    "name" : "Bonds Mens Underwear Hipster Brief Large",
    "package_price" : "$2.70 / 1EA",
    "package_size" : "5pk",
    "price" : 13.5,
    "source" : "Woolies",
    "source_short" : "W",
    "stock_code" : "257600",
    "thumbnail_url" : "https://cdn0.woolworths.media/content/wowproductimages/medium/257600.jpg",
    "was_price" : 27.0
  },
  "W-257601-BondsMensUnderwearHipsterBriefXLarge" : {
    "brand" : "bonds mens",
    "category" : "Household",
    "crawl_time" : 1.51311538760849E9,
    "end_promotion_date" : "12-12-2017",
    "id" : "W-257601-BondsMensUnderwearHipsterBriefXLarge",
    "is_available" : true,
    "is_on_special" : true,
    "is_valid" : true,
    "key" : "13-12-2017/lists/all/W-257601-BondsMensUnderwearHipsterBriefXLarge",
    "key_in_category_list" : "13-12-2017/lists/household/W-257601-BondsMensUnderwearHipsterBriefXLarge",
    "likes" : 0,
    "name" : "Bonds Mens Underwear Hipster Brief X Large",
    "package_price" : "$2.70 / 1EA",
    "package_size" : "5pk",
    "price" : 13.5,
    "source" : "Woolies",
    "source_short" : "W",
    "stock_code" : "257601",
    "thumbnail_url" : "https://cdn0.woolworths.media/content/wowproductimages/medium/257601.jpg",
    "was_price" : 27.0
  },
  "W-257602-BondsMensUnderwearHipsterBriefXxLarge" : {
    "brand" : "bonds mens",
    "category" : "Household",
    "crawl_time" : 1.513115607844742E9,
    "end_promotion_date" : "12-12-2017",
    "id" : "W-257602-BondsMensUnderwearHipsterBriefXxLarge",
    "is_available" : true,
    "is_on_special" : true,
    "is_valid" : true,
    "key" : "13-12-2017/lists/all/W-257602-BondsMensUnderwearHipsterBriefXxLarge",
    "key_in_category_list" : "13-12-2017/lists/household/W-257602-BondsMensUnderwearHipsterBriefXxLarge",
    "likes" : 0,
    "name" : "Bonds Mens Underwear Hipster Brief Xx Large",
    "package_price" : "$2.70 / 1EA",
    "package_size" : "5pk",
    "price" : 13.5,
    "source" : "Woolies",
    "source_short" : "W",
    "stock_code" : "257602",
    "thumbnail_url" : "https://cdn0.woolworths.media/content/wowproductimages/medium/257602.jpg",
    "was_price" : 27.0
  },
  "W-258415-OlayCompleteDefenceDailyUvLotionSensitiveSp" : {
    "brand" : "olay",
    "category" : "Health & Beauty",
    "crawl_time" : 1.513115588195933E9,
    "end_promotion_date" : "12-12-2017",
    "id" : "W-258415-OlayCompleteDefenceDailyUvLotionSensitiveSp",
    "is_available" : true,
    "is_on_special" : true,
    "is_valid" : true,
    "key" : "13-12-2017/lists/all/W-258415-OlayCompleteDefenceDailyUvLotionSensitiveSp",
    "key_in_category_list" : "13-12-2017/lists/beauty/W-258415-OlayCompleteDefenceDailyUvLotionSensitiveSp",
    "likes" : 0,
    "name" : "Olay Complete Defence Daily Uv Lotion Sensitive Sp30+",
    "package_price" : "$10.27 / 100ML",
    "package_size" : "75ml",
    "price" : 7.7,
    "source" : "Woolies",
    "source_short" : "W",
    "stock_code" : "258415",
    "thumbnail_url" : "https://cdn0.woolworths.media/content/wowproductimages/medium/258415.jpg",
    "was_price" : 15.4
  },
  "W-259079-NescafeCoffeeSachetsStrongCappucino" : {
    "brand" : "nescafe",
    "category" : "Pantry",
    "crawl_time" : 1.513115578457317E9,
    "end_promotion_date" : "12-12-2017",
    "id" : "W-259079-NescafeCoffeeSachetsStrongCappucino",
    "is_available" : true,
    "is_on_special" : true,
    "is_valid" : true,
    "key" : "13-12-2017/lists/all/W-259079-NescafeCoffeeSachetsStrongCappucino",
    "key_in_category_list" : "13-12-2017/lists/pantry/W-259079-NescafeCoffeeSachetsStrongCappucino",
    "likes" : 1,
    "name" : "Nescafe Coffee Sachets Strong Cappucino",
    "package_price" : "$2.63 / 100G",
    "package_size" : "10pk",
    "price" : 3.29,
    "source" : "Woolies",
    "source_short" : "W",
    "stock_code" : "259079",
    "thumbnail_url" : "https://cdn0.woolworths.media/content/wowproductimages/medium/259079.jpg",
    "was_price" : 6.59
  },
  "W-259537-HoMaiSpringRollsCocktail" : {
    "brand" : "ho mai",
    "category" : "Frozen",
    "crawl_time" : 1.513115703309012E9,
    "end_promotion_date" : "12-12-2017",
    "id" : "W-259537-HoMaiSpringRollsCocktail",
    "is_available" : true,
    "is_on_special" : true,
    "is_valid" : true,
    "key" : "13-12-2017/lists/all/W-259537-HoMaiSpringRollsCocktail",
    "key_in_category_list" : "13-12-2017/lists/frozen/W-259537-HoMaiSpringRollsCocktail",
    "likes" : 1,
    "name" : "Ho Mai Spring Rolls Cocktail",
    "package_price" : "$0.70 / 100G",
    "package_size" : "1kg",
    "price" : 7.0,
    "source" : "Woolies",
    "source_short" : "W",
    "stock_code" : "259537",
    "thumbnail_url" : "https://cdn0.woolworths.media/content/wowproductimages/medium/259537.jpg",
    "was_price" : 14.0
  },
  "W-259540-HoMaiAsianEntertainerPack" : {
    "brand" : "ho mai",
    "category" : "Frozen",
    "crawl_time" : 1.513115355700372E9,
    "end_promotion_date" : "12-12-2017",
    "id" : "W-259540-HoMaiAsianEntertainerPack",
    "is_available" : true,
    "is_on_special" : true,
    "is_valid" : true,
    "key" : "13-12-2017/lists/all/W-259540-HoMaiAsianEntertainerPack",
    "key_in_category_list" : "13-12-2017/lists/frozen/W-259540-HoMaiAsianEntertainerPack",
    "likes" : 0,
    "name" : "Ho Mai Asian Entertainer Pack",
    "package_price" : "$0.70 / 100G",
    "package_size" : "1kg",
    "price" : 7.0,
    "source" : "Woolies",
    "source_short" : "W",
    "stock_code" : "259540",
    "thumbnail_url" : "https://cdn0.woolworths.media/content/wowproductimages/medium/259540.jpg",
    "was_price" : 14.0
  },
  "W-264102-JacksonOutletEntertainmentPowerBoard" : {
    "brand" : "jackson 6 outlet entertainment",
    "category" : "Household",
    "crawl_time" : 1.513115866826932E9,
    "end_promotion_date" : "12-12-2017",
    "id" : "W-264102-JacksonOutletEntertainmentPowerBoard",
    "is_available" : true,
    "is_on_special" : true,
    "is_valid" : true,
    "key" : "13-12-2017/lists/all/W-264102-JacksonOutletEntertainmentPowerBoard",
    "key_in_category_list" : "13-12-2017/lists/household/W-264102-JacksonOutletEntertainmentPowerBoard",
    "likes" : 1,
    "name" : "Jackson 6 Outlet Entertainment Power Board ",
    "package_price" : "$0.00 / 0",
    "package_size" : "each",
    "price" : 10.5,
    "source" : "Woolies",
    "source_short" : "W",
    "stock_code" : "264102",
    "thumbnail_url" : "https://cdn0.woolworths.media/content/wowproductimages/medium/264102.jpg",
    "was_price" : 21.0
  },
  "W-264716-HoleproofExplorerSocksLightForWomenSize" : {
    "brand" : "holeproof explorer",
    "category" : "Household",
    "crawl_time" : 1.513115512832234E9,
    "end_promotion_date" : "12-12-2017",
    "id" : "W-264716-HoleproofExplorerSocksLightForWomenSize",
    "is_available" : true,
    "is_on_special" : true,
    "is_valid" : true,
    "key" : "13-12-2017/lists/all/W-264716-HoleproofExplorerSocksLightForWomenSize",
    "key_in_category_list" : "13-12-2017/lists/household/W-264716-HoleproofExplorerSocksLightForWomenSize",
    "likes" : 0,
    "name" : "Holeproof Explorer Socks Light For Women Size 3-8",
    "package_price" : "$0.00 / 0",
    "package_size" : "1pk",
    "price" : 7.0,
    "source" : "Woolies",
    "source_short" : "W",
    "stock_code" : "264716",
    "thumbnail_url" : "https://cdn0.woolworths.media/content/wowproductimages/medium/264716.jpg",
    "was_price" : 14.0
  },
  "W-26493-LindtLindorChocolateBlockDark" : {
    "brand" : "lindt lindor",
    "category" : "Pantry",
    "crawl_time" : 1.513115259313585E9,
    "end_promotion_date" : "12-12-2017",
    "id" : "W-26493-LindtLindorChocolateBlockDark",
    "is_available" : true,
    "is_on_special" : true,
    "is_valid" : true,
    "key" : "13-12-2017/lists/all/W-26493-LindtLindorChocolateBlockDark",
    "key_in_category_list" : "13-12-2017/lists/pantry/W-26493-LindtLindorChocolateBlockDark",
    "likes" : 0,
    "name" : "Lindt Lindor Chocolate Block 60% Dark",
    "package_price" : "$2.12 / 100G",
    "package_size" : "100g block",
    "price" : 2.12,
    "source" : "Woolies",
    "source_short" : "W",
    "stock_code" : "26493",
    "thumbnail_url" : "https://cdn0.woolworths.media/content/wowproductimages/medium/026493.jpg",
    "was_price" : 4.25
  },
  "W-277093-OlayTotalEffectsinFoamingCleanser" : {
    "brand" : "olay",
    "category" : "Health & Beauty",
    "crawl_time" : 1.513115296363739E9,
    "end_promotion_date" : "12-12-2017",
    "id" : "W-277093-OlayTotalEffectsinFoamingCleanser",
    "is_available" : true,
    "is_on_special" : true,
    "is_valid" : true,
    "key" : "13-12-2017/lists/all/W-277093-OlayTotalEffectsinFoamingCleanser",
    "key_in_category_list" : "13-12-2017/lists/beauty/W-277093-OlayTotalEffectsinFoamingCleanser",
    "likes" : 1,
    "name" : "Olay Total Effects 7-in-1 Foaming Cleanser",
    "package_price" : "$6.99 / 100G",
    "package_size" : "100ml",
    "price" : 6.99,
    "source" : "Woolies",
    "source_short" : "W",
    "stock_code" : "277093",
    "thumbnail_url" : "https://cdn0.woolworths.media/content/wowproductimages/medium/277093.jpg",
    "was_price" : 13.99
  },
  "W-279664-BullaMiniFrozenYoghurtAssortedFlavours" : {
    "brand" : "bulla mini",
    "category" : "Household",
    "crawl_time" : 1.513115374972116E9,
    "end_promotion_date" : "12-12-2017",
    "id" : "W-279664-BullaMiniFrozenYoghurtAssortedFlavours",
    "is_available" : true,
    "is_on_special" : true,
    "is_valid" : true,
    "key" : "13-12-2017/lists/all/W-279664-BullaMiniFrozenYoghurtAssortedFlavours",
    "key_in_category_list" : "13-12-2017/lists/household/W-279664-BullaMiniFrozenYoghurtAssortedFlavours",
    "likes" : 0,
    "name" : "Bulla Mini Frozen Yoghurt Assorted Flavours",
    "package_price" : "$0.67 / 100G",
    "package_size" : "14pk 504g",
    "price" : 3.4,
    "source" : "Woolies",
    "source_short" : "W",
    "stock_code" : "279664",
    "thumbnail_url" : "https://cdn0.woolworths.media/content/wowproductimages/medium/279664.jpg",
    "was_price" : 6.8
  },
  "W-279712-OlayTotalEffectsinSpfDayCreamNormal" : {
    "brand" : "olay",
    "category" : "Health & Beauty",
    "crawl_time" : 1.513115435160638E9,
    "end_promotion_date" : "12-12-2017",
    "id" : "W-279712-OlayTotalEffectsinSpfDayCreamNormal",
    "is_available" : true,
    "is_on_special" : true,
    "is_valid" : true,
    "key" : "13-12-2017/lists/all/W-279712-OlayTotalEffectsinSpfDayCreamNormal",
    "key_in_category_list" : "13-12-2017/lists/beauty/W-279712-OlayTotalEffectsinSpfDayCreamNormal",
    "likes" : 0,
    "name" : "Olay Total Effects 7-in-1 Spf15 Day Cream Normal",
    "package_price" : "$33.50 / 100G",
    "package_size" : "50g",
    "price" : 16.75,
    "source" : "Woolies",
    "source_short" : "W",
    "stock_code" : "279712",
    "thumbnail_url" : "https://cdn0.woolworths.media/content/wowproductimages/medium/279712.jpg",
    "was_price" : 33.5
  },
  "W-280452-LindtExcellenceDarkChocolateChilli" : {
    "brand" : "lindt excellence",
    "category" : "Pantry",
    "crawl_time" : 1.513115293882261E9,
    "end_promotion_date" : "12-12-2017",
    "id" : "W-280452-LindtExcellenceDarkChocolateChilli",
    "is_available" : true,
    "is_on_special" : true,
    "is_valid" : true,
    "key" : "13-12-2017/lists/all/W-280452-LindtExcellenceDarkChocolateChilli",
    "key_in_category_list" : "13-12-2017/lists/pantry/W-280452-LindtExcellenceDarkChocolateChilli",
    "likes" : 0,
    "name" : "Lindt Excellence Dark Chocolate Chilli",
    "package_price" : "$2.12 / 100G",
    "package_size" : "100g block",
    "price" : 2.12,
    "source" : "Woolies",
    "source_short" : "W",
    "stock_code" : "280452",
    "thumbnail_url" : "https://cdn0.woolworths.media/content/wowproductimages/medium/280452.jpg",
    "was_price" : 4.25
  },
  "W-282533-BondsMensSocksCrewSportsSize" : {
    "brand" : "bonds",
    "category" : "Household",
    "crawl_time" : 1.513115513980211E9,
    "end_promotion_date" : "12-12-2017",
    "id" : "W-282533-BondsMensSocksCrewSportsSize",
    "is_available" : true,
    "is_on_special" : true,
    "is_valid" : true,
    "key" : "13-12-2017/lists/all/W-282533-BondsMensSocksCrewSportsSize",
    "key_in_category_list" : "13-12-2017/lists/household/W-282533-BondsMensSocksCrewSportsSize",
    "likes" : 0,
    "name" : "Bonds Mens Socks 1/4 Crew Sports Size 6-10",
    "package_price" : "$2.33 / 1EA",
    "package_size" : "3pk",
    "price" : 7.0,
    "source" : "Woolies",
    "source_short" : "W",
    "stock_code" : "282533",
    "thumbnail_url" : "https://cdn0.woolworths.media/content/wowproductimages/medium/282533.jpg",
    "was_price" : 14.0
  },
  "W-282756-BondsWomensSocksLogoSportsSize" : {
    "brand" : "bonds womens",
    "category" : "Household",
    "crawl_time" : 1.513115852846526E9,
    "end_promotion_date" : "12-12-2017",
    "id" : "W-282756-BondsWomensSocksLogoSportsSize",
    "is_available" : true,
    "is_on_special" : true,
    "is_valid" : true,
    "key" : "13-12-2017/lists/all/W-282756-BondsWomensSocksLogoSportsSize",
    "key_in_category_list" : "13-12-2017/lists/household/W-282756-BondsWomensSocksLogoSportsSize",
    "likes" : 1,
    "name" : "Bonds Womens Socks Logo 1/4 Sports Size 3-8",
    "package_price" : "$2.33 / 1EA",
    "package_size" : "3pk",
    "price" : 7.0,
    "source" : "Woolies",
    "source_short" : "W",
    "stock_code" : "282756",
    "thumbnail_url" : "https://cdn0.woolworths.media/content/wowproductimages/medium/282756.jpg",
    "was_price" : 14.0
  },
  "W-283174-BondsWomensSocksLogoLowCutSize" : {
    "brand" : "bonds womens",
    "category" : "Household",
    "crawl_time" : 1.513115472549613E9,
    "end_promotion_date" : "12-12-2017",
    "id" : "W-283174-BondsWomensSocksLogoLowCutSize",
    "is_available" : true,
    "is_on_special" : true,
    "is_valid" : true,
    "key" : "13-12-2017/lists/all/W-283174-BondsWomensSocksLogoLowCutSize",
    "key_in_category_list" : "13-12-2017/lists/household/W-283174-BondsWomensSocksLogoLowCutSize",
    "likes" : 0,
    "name" : "Bonds Womens Socks Logo Low Cut Size 8-11",
    "package_price" : "$2.33 / 1EA",
    "package_size" : "3pk",
    "price" : 7.0,
    "source" : "Woolies",
    "source_short" : "W",
    "stock_code" : "283174",
    "thumbnail_url" : "https://cdn0.woolworths.media/content/wowproductimages/medium/283174.jpg",
    "was_price" : 14.0
  },
  "W-283175-BondsSocksMensNoShowTrainers" : {
    "brand" : "bonds",
    "category" : "Household",
    "crawl_time" : 1.513115383896229E9,
    "end_promotion_date" : "12-12-2017",
    "id" : "W-283175-BondsSocksMensNoShowTrainers",
    "is_available" : true,
    "is_on_special" : true,
    "is_valid" : true,
    "key" : "13-12-2017/lists/all/W-283175-BondsSocksMensNoShowTrainers",
    "key_in_category_list" : "13-12-2017/lists/household/W-283175-BondsSocksMensNoShowTrainers",
    "likes" : 0,
    "name" : "Bonds Socks Mens No Show Trainers 6-10",
    "package_price" : "$2.33 / 1EA",
    "package_size" : "3pk",
    "price" : 7.0,
    "source" : "Woolies",
    "source_short" : "W",
    "stock_code" : "283175",
    "thumbnail_url" : "https://cdn0.woolworths.media/content/wowproductimages/medium/283175.jpg",
    "was_price" : 14.0
  },
  "W-283176-BondsSocksMensLogoLowcutSize" : {
    "brand" : "bonds",
    "category" : "Household",
    "crawl_time" : 1.51311572834622E9,
    "end_promotion_date" : "12-12-2017",
    "id" : "W-283176-BondsSocksMensLogoLowcutSize",
    "is_available" : true,
    "is_on_special" : true,
    "is_valid" : true,
    "key" : "13-12-2017/lists/all/W-283176-BondsSocksMensLogoLowcutSize",
    "key_in_category_list" : "13-12-2017/lists/household/W-283176-BondsSocksMensLogoLowcutSize",
    "likes" : 0,
    "name" : "Bonds Socks Mens Logo Lowcut Size 11-14",
    "package_price" : "$2.33 / 1EA",
    "package_size" : "3pk",
    "price" : 7.0,
    "source" : "Woolies",
    "source_short" : "W",
    "stock_code" : "283176",
    "thumbnail_url" : "https://cdn0.woolworths.media/content/wowproductimages/medium/283176.jpg",
    "was_price" : 14.0
  },
  "W-283364-BondsWomensUnderwearHipsterBikiniSize" : {
    "brand" : "bonds womens",
    "category" : "Household",
    "crawl_time" : 1.513115473695638E9,
    "end_promotion_date" : "12-12-2017",
    "id" : "W-283364-BondsWomensUnderwearHipsterBikiniSize",
    "is_available" : true,
    "is_on_special" : true,
    "is_valid" : true,
    "key" : "13-12-2017/lists/all/W-283364-BondsWomensUnderwearHipsterBikiniSize",
    "key_in_category_list" : "13-12-2017/lists/household/W-283364-BondsWomensUnderwearHipsterBikiniSize",
    "likes" : 1,
    "name" : "Bonds Womens Underwear Hipster Bikini Size 8",
    "package_price" : "$0.00 / 0",
    "package_size" : "2pk",
    "price" : 9.0,
    "source" : "Woolies",
    "source_short" : "W",
    "stock_code" : "283364",
    "thumbnail_url" : "https://cdn0.woolworths.media/content/wowproductimages/medium/283364.jpg",
    "was_price" : 18.0
  },
  "W-297839-WoolworthsEssentialsSheetFittedCoffeeDoubleBed" : {
    "brand" : "woolworths essentials",
    "category" : "Household",
    "crawl_time" : 1.513115385316132E9,
    "end_promotion_date" : "12-12-2017",
    "id" : "W-297839-WoolworthsEssentialsSheetFittedCoffeeDoubleBed",
    "is_available" : true,
    "is_on_special" : true,
    "is_valid" : true,
    "key" : "13-12-2017/lists/all/W-297839-WoolworthsEssentialsSheetFittedCoffeeDoubleBed",
    "key_in_category_list" : "13-12-2017/lists/household/W-297839-WoolworthsEssentialsSheetFittedCoffeeDoubleBed",
    "likes" : 0,
    "name" : "Woolworths Essentials Sheet Fitted Coffee Double Bed",
    "package_price" : "$0.00 / 0",
    "package_size" : "each",
    "price" : 8.0,
    "source" : "Woolies",
    "source_short" : "W",
    "stock_code" : "297839",
    "thumbnail_url" : "https://cdn0.woolworths.media/content/wowproductimages/medium/297839.jpg",
    "was_price" : 16.0
  },
  "W-297840-WoolworthsEssentialsSheetFittedCoffeeQueenBed" : {
    "brand" : "woolworths essentials",
    "category" : "Household",
    "crawl_time" : 1.513115348773543E9,
    "end_promotion_date" : "12-12-2017",
    "id" : "W-297840-WoolworthsEssentialsSheetFittedCoffeeQueenBed",
    "is_available" : true,
    "is_on_special" : true,
    "is_valid" : true,
    "key" : "13-12-2017/lists/all/W-297840-WoolworthsEssentialsSheetFittedCoffeeQueenBed",
    "key_in_category_list" : "13-12-2017/lists/household/W-297840-WoolworthsEssentialsSheetFittedCoffeeQueenBed",
    "likes" : 0,
    "name" : "Woolworths Essentials Sheet Fitted Coffee Queen Bed",
    "package_price" : "$0.00 / 0",
    "package_size" : "each",
    "price" : 10.0,
    "source" : "Woolies",
    "source_short" : "W",
    "stock_code" : "297840",
    "thumbnail_url" : "https://cdn0.woolworths.media/content/wowproductimages/medium/297840.jpg",
    "was_price" : 20.0
  },
  "W-305084-LiptonIceTeaLightPeach" : {
    "brand" : "lipton",
    "category" : "Drinks",
    "crawl_time" : 1.51311561675479E9,
    "end_promotion_date" : "12-12-2017",
    "id" : "W-305084-LiptonIceTeaLightPeach",
    "is_available" : true,
    "is_on_special" : true,
    "is_valid" : true,
    "key" : "13-12-2017/lists/all/W-305084-LiptonIceTeaLightPeach",
    "key_in_category_list" : "13-12-2017/lists/drinks/W-305084-LiptonIceTeaLightPeach",
    "likes" : 0,
    "name" : "Lipton Ice Tea Light Peach",
    "package_price" : "$1.26 / 1L",
    "package_size" : "1.5l",
    "price" : 1.89,
    "source" : "Woolies",
    "source_short" : "W",
    "stock_code" : "305084",
    "thumbnail_url" : "https://cdn0.woolworths.media/content/wowproductimages/medium/305084.jpg",
    "was_price" : 3.9
  },
  "W-305195-LiptonIceGreenTeaLightLemon" : {
    "brand" : "lipton",
    "category" : "Drinks",
    "crawl_time" : 1.513115810576724E9,
    "end_promotion_date" : "12-12-2017",
    "id" : "W-305195-LiptonIceGreenTeaLightLemon",
    "is_available" : true,
    "is_on_special" : true,
    "is_valid" : true,
    "key" : "13-12-2017/lists/all/W-305195-LiptonIceGreenTeaLightLemon",
    "key_in_category_list" : "13-12-2017/lists/drinks/W-305195-LiptonIceGreenTeaLightLemon",
    "likes" : 2,
    "name" : "Lipton Ice Green Tea Light Lemon",
    "package_price" : "$1.26 / 1L",
    "package_size" : "1.5l",
    "price" : 1.89,
    "source" : "Woolies",
    "source_short" : "W",
    "stock_code" : "305195",
    "thumbnail_url" : "https://cdn0.woolworths.media/content/wowproductimages/medium/305195.jpg",
    "was_price" : 3.9
  },
  "W-305223-LiptonIceTeaLemon" : {
    "brand" : "lipton",
    "category" : "Drinks",
    "crawl_time" : 1.513106978812949E9,
    "end_promotion_date" : "12-12-2017",
    "id" : "W-305223-LiptonIceTeaLemon",
    "is_available" : true,
    "is_on_special" : true,
    "is_valid" : true,
    "key" : "13-12-2017/lists/all/W-305223-LiptonIceTeaLemon",
    "key_in_category_list" : "13-12-2017/lists/drinks/W-305223-LiptonIceTeaLemon",
    "likes" : 0,
    "name" : "Lipton Ice Tea Lemon",
    "package_price" : "$1.26 / 1L",
    "package_size" : "1.5l",
    "price" : 1.89,
    "source" : "Woolies",
    "source_short" : "W",
    "stock_code" : "305223",
    "thumbnail_url" : "https://cdn0.woolworths.media/content/wowproductimages/medium/305223.jpg",
    "was_price" : 3.9
  },
  "W-305224-LiptonIceTeaPeach" : {
    "brand" : "lipton",
    "category" : "Drinks",
    "crawl_time" : 1.513115868414676E9,
    "end_promotion_date" : "12-12-2017",
    "id" : "W-305224-LiptonIceTeaPeach",
    "is_available" : true,
    "is_on_special" : true,
    "is_valid" : true,
    "key" : "13-12-2017/lists/all/W-305224-LiptonIceTeaPeach",
    "key_in_category_list" : "13-12-2017/lists/drinks/W-305224-LiptonIceTeaPeach",
    "likes" : 4,
    "name" : "Lipton Ice Tea Peach",
    "package_price" : "$1.26 / 1L",
    "package_size" : "1.5l",
    "price" : 1.89,
    "source" : "Woolies",
    "source_short" : "W",
    "stock_code" : "305224",
    "thumbnail_url" : "https://cdn0.woolworths.media/content/wowproductimages/medium/305224.jpg",
    "was_price" : 3.9
  },
  "W-309391-DecorMicrosafeRiceCookerVegSteamer" : {
    "brand" : "decor microsafe",
    "category" : "Household",
    "crawl_time" : 1.513115310413985E9,
    "end_promotion_date" : "12-12-2017",
    "id" : "W-309391-DecorMicrosafeRiceCookerVegSteamer",
    "is_available" : true,
    "is_on_special" : true,
    "is_valid" : true,
    "key" : "13-12-2017/lists/all/W-309391-DecorMicrosafeRiceCookerVegSteamer",
    "key_in_category_list" : "13-12-2017/lists/household/W-309391-DecorMicrosafeRiceCookerVegSteamer",
    "likes" : 1,
    "name" : "Decor Microsafe Rice Cooker & Veg Steamer ",
    "package_price" : "$0.00 / 0",
    "package_size" : "2.75l",
    "price" : 4.99,
    "source" : "Woolies",
    "source_short" : "W",
    "stock_code" : "309391",
    "thumbnail_url" : "https://cdn0.woolworths.media/content/wowproductimages/medium/309391.jpg",
    "was_price" : 9.99
  },
  "W-31266-OlayMoisturisingLotion" : {
    "brand" : "olay",
    "category" : "Health & Beauty",
    "crawl_time" : 1.513115698687676E9,
    "end_promotion_date" : "12-12-2017",
    "id" : "W-31266-OlayMoisturisingLotion",
    "is_available" : true,
    "is_on_special" : true,
    "is_valid" : true,
    "key" : "13-12-2017/lists/all/W-31266-OlayMoisturisingLotion",
    "key_in_category_list" : "13-12-2017/lists/beauty/W-31266-OlayMoisturisingLotion",
    "likes" : 1,
    "name" : "Olay Moisturising Lotion ",
    "package_price" : "$4.33 / 100ML",
    "package_size" : "150ml",
    "price" : 6.5,
    "source" : "Woolies",
    "source_short" : "W",
    "stock_code" : "31266",
    "thumbnail_url" : "https://cdn0.woolworths.media/content/wowproductimages/medium/031266.jpg",
    "was_price" : 13.0
  },
  "W-313661-BullaMiniSplitsTropicalRaspberry" : {
    "brand" : "bulla",
    "category" : "Frozen",
    "crawl_time" : 1.513115340777607E9,
    "end_promotion_date" : "12-12-2017",
    "id" : "W-313661-BullaMiniSplitsTropicalRaspberry",
    "is_available" : true,
    "is_on_special" : true,
    "is_valid" : true,
    "key" : "13-12-2017/lists/all/W-313661-BullaMiniSplitsTropicalRaspberry",
    "key_in_category_list" : "13-12-2017/lists/frozen/W-313661-BullaMiniSplitsTropicalRaspberry",
    "likes" : 2,
    "name" : "Bulla Mini Splits Tropical Raspberry",
    "package_price" : "$0.61 / 100ML",
    "package_size" : "14pk 560ml",
    "price" : 3.4,
    "source" : "Woolies",
    "source_short" : "W",
    "stock_code" : "313661",
    "thumbnail_url" : "https://cdn0.woolworths.media/content/wowproductimages/medium/313661.jpg",
    "was_price" : 6.8
  },
  "W-317387-KirksCreamingSodaSugarFreeCans" : {
    "brand" : "kirks",
    "category" : "Drinks",
    "crawl_time" : 1.513115738929869E9,
    "end_promotion_date" : "12-12-2017",
    "id" : "W-317387-KirksCreamingSodaSugarFreeCans",
    "is_available" : true,
    "is_on_special" : true,
    "is_valid" : true,
    "key" : "13-12-2017/lists/all/W-317387-KirksCreamingSodaSugarFreeCans",
    "key_in_category_list" : "13-12-2017/lists/drinks/W-317387-KirksCreamingSodaSugarFreeCans",
    "likes" : 0,
    "name" : "Kirks Creaming Soda Sugar Free Cans",
    "package_price" : "$1.59 / 1L",
    "package_size" : "10x375ml pack",
    "price" : 5.95,
    "source" : "Woolies",
    "source_short" : "W",
    "stock_code" : "317387",
    "thumbnail_url" : "https://cdn0.woolworths.media/content/wowproductimages/medium/317387.jpg",
    "was_price" : 10.55
  },
  "W-317388-KirksLemonSquashSugarFreeCans" : {
    "brand" : "kirks",
    "category" : "Drinks",
    "crawl_time" : 1.513107042196192E9,
    "end_promotion_date" : "12-12-2017",
    "id" : "W-317388-KirksLemonSquashSugarFreeCans",
    "is_available" : true,
    "is_on_special" : true,
    "is_valid" : true,
    "key" : "13-12-2017/lists/all/W-317388-KirksLemonSquashSugarFreeCans",
    "key_in_category_list" : "13-12-2017/lists/drinks/W-317388-KirksLemonSquashSugarFreeCans",
    "likes" : 0,
    "name" : "Kirks Lemon Squash Sugar Free Cans",
    "package_price" : "$1.59 / 1L",
    "package_size" : "10x375ml pack",
    "price" : 5.95,
    "source" : "Woolies",
    "source_short" : "W",
    "stock_code" : "317388",
    "thumbnail_url" : "https://cdn0.woolworths.media/content/wowproductimages/medium/317388.jpg",
    "was_price" : 10.55
  },
  "W-317793-LiptonIceTeaMango" : {
    "brand" : "lipton",
    "category" : "Drinks",
    "crawl_time" : 1.513115740355752E9,
    "end_promotion_date" : "12-12-2017",
    "id" : "W-317793-LiptonIceTeaMango",
    "is_available" : true,
    "is_on_special" : true,
    "is_valid" : true,
    "key" : "13-12-2017/lists/all/W-317793-LiptonIceTeaMango",
    "key_in_category_list" : "13-12-2017/lists/drinks/W-317793-LiptonIceTeaMango",
    "likes" : 0,
    "name" : "Lipton Ice Tea Mango",
    "package_price" : "$1.26 / 1L",
    "package_size" : "1.5l",
    "price" : 1.89,
    "source" : "Woolies",
    "source_short" : "W",
    "stock_code" : "317793",
    "thumbnail_url" : "https://cdn0.woolworths.media/content/wowproductimages/medium/317793.jpg",
    "was_price" : 3.9
  },
  "W-318641-BullaFrozenYoghurtStrawbMangoWildberry" : {
    "brand" : "bulla",
    "category" : "Frozen",
    "crawl_time" : 1.513115632350104E9,
    "end_promotion_date" : "12-12-2017",
    "id" : "W-318641-BullaFrozenYoghurtStrawbMangoWildberry",
    "is_available" : true,
    "is_on_special" : true,
    "is_valid" : true,
    "key" : "13-12-2017/lists/all/W-318641-BullaFrozenYoghurtStrawbMangoWildberry",
    "key_in_category_list" : "13-12-2017/lists/frozen/W-318641-BullaFrozenYoghurtStrawbMangoWildberry",
    "likes" : 0,
    "name" : "Bulla Frozen Yoghurt Strawb Mango Wildberry",
    "package_price" : "$0.72 / 100G",
    "package_size" : "8pk 472g",
    "price" : 3.4,
    "source" : "Woolies",
    "source_short" : "W",
    "stock_code" : "318641",
    "thumbnail_url" : "https://cdn0.woolworths.media/content/wowproductimages/medium/318641.jpg",
    "was_price" : 6.8
  },
  "W-319416-BondsMensUnderwearFitTrunkMedium" : {
    "brand" : "bonds mens",
    "category" : "Household",
    "crawl_time" : 1.513115361690467E9,
    "end_promotion_date" : "12-12-2017",
    "id" : "W-319416-BondsMensUnderwearFitTrunkMedium",
    "is_available" : true,
    "is_on_special" : true,
    "is_valid" : true,
    "key" : "13-12-2017/lists/all/W-319416-BondsMensUnderwearFitTrunkMedium",
    "key_in_category_list" : "13-12-2017/lists/household/W-319416-BondsMensUnderwearFitTrunkMedium",
    "likes" : 0,
    "name" : "Bonds Mens Underwear Fit Trunk Medium",
    "package_price" : "$0.00 / 0",
    "package_size" : "each",
    "price" : 11.0,
    "source" : "Woolies",
    "source_short" : "W",
    "stock_code" : "319416",
    "thumbnail_url" : "https://cdn0.woolworths.media/content/wowproductimages/medium/319416.jpg",
    "was_price" : 22.0
  },
  "W-319417-BondsMensUnderwearFitTrunkLarge" : {
    "brand" : "bonds mens",
    "category" : "Household",
    "crawl_time" : 1.513115483392472E9,
    "end_promotion_date" : "12-12-2017",
    "id" : "W-319417-BondsMensUnderwearFitTrunkLarge",
    "is_available" : true,
    "is_on_special" : true,
    "is_valid" : true,
    "key" : "13-12-2017/lists/all/W-319417-BondsMensUnderwearFitTrunkLarge",
    "key_in_category_list" : "13-12-2017/lists/household/W-319417-BondsMensUnderwearFitTrunkLarge",
    "likes" : 0,
    "name" : "Bonds Mens Underwear Fit Trunk Large",
    "package_price" : "$0.00 / 0",
    "package_size" : "each",
    "price" : 11.0,
    "source" : "Woolies",
    "source_short" : "W",
    "stock_code" : "319417",
    "thumbnail_url" : "https://cdn0.woolworths.media/content/wowproductimages/medium/319417.jpg",
    "was_price" : 22.0
  },
  "W-319419-BondsMensUnderwearFitTrunkXLarge" : {
    "brand" : "bonds mens",
    "category" : "Household",
    "crawl_time" : 1.513115633794326E9,
    "end_promotion_date" : "12-12-2017",
    "id" : "W-319419-BondsMensUnderwearFitTrunkXLarge",
    "is_available" : true,
    "is_on_special" : true,
    "is_valid" : true,
    "key" : "13-12-2017/lists/all/W-319419-BondsMensUnderwearFitTrunkXLarge",
    "key_in_category_list" : "13-12-2017/lists/household/W-319419-BondsMensUnderwearFitTrunkXLarge",
    "likes" : 0,
    "name" : "Bonds Mens Underwear Fit Trunk X Large",
    "package_price" : "$0.00 / 0",
    "package_size" : "each",
    "price" : 11.0,
    "source" : "Woolies",
    "source_short" : "W",
    "stock_code" : "319419",
    "thumbnail_url" : "https://cdn0.woolworths.media/content/wowproductimages/medium/319419.jpg",
    "was_price" : 22.0
  },
  "W-320872-OlayTotalEffectsinTouchOfFoundationBbCremeSpf" : {
    "brand" : "olay",
    "category" : "Health & Beauty",
    "crawl_time" : 1.513115545919819E9,
    "end_promotion_date" : "12-12-2017",
    "id" : "W-320872-OlayTotalEffectsinTouchOfFoundationBbCremeSpf",
    "is_available" : true,
    "is_on_special" : true,
    "is_valid" : true,
    "key" : "13-12-2017/lists/all/W-320872-OlayTotalEffectsinTouchOfFoundationBbCremeSpf",
    "key_in_category_list" : "13-12-2017/lists/beauty/W-320872-OlayTotalEffectsinTouchOfFoundationBbCremeSpf",
    "likes" : 0,
    "name" : "Olay Total Effects 7-in-1 Touch Of Foundation Bb Creme Spf 15",
    "package_price" : "$33.50 / 100G",
    "package_size" : "50g",
    "price" : 16.75,
    "source" : "Woolies",
    "source_short" : "W",
    "stock_code" : "320872",
    "thumbnail_url" : "https://cdn0.woolworths.media/content/wowproductimages/medium/320872.jpg",
    "was_price" : 33.5
  },
  "W-32153-GreenseasTunaChunksInBrine" : {
    "brand" : "greenseas",
    "category" : "Pantry",
    "crawl_time" : 1.513115622421355E9,
    "end_promotion_date" : "12-12-2017",
    "id" : "W-32153-GreenseasTunaChunksInBrine",
    "is_available" : true,
    "is_on_special" : true,
    "is_valid" : true,
    "key" : "13-12-2017/lists/all/W-32153-GreenseasTunaChunksInBrine",
    "key_in_category_list" : "13-12-2017/lists/pantry/W-32153-GreenseasTunaChunksInBrine",
    "likes" : 0,
    "name" : "Greenseas Tuna Chunks In Brine",
    "package_price" : "$10.53 / 1KG",
    "package_size" : "95g",
    "price" : 1.0,
    "source" : "Woolies",
    "source_short" : "W",
    "stock_code" : "32153",
    "thumbnail_url" : "https://cdn0.woolworths.media/content/wowproductimages/medium/032153.jpg",
    "was_price" : 2.0
  },
  "W-322924-KirksLemonadeSugarFreeCans" : {
    "brand" : "kirks",
    "category" : "Drinks",
    "crawl_time" : 1.513115515319124E9,
    "end_promotion_date" : "12-12-2017",
    "id" : "W-322924-KirksLemonadeSugarFreeCans",
    "is_available" : true,
    "is_on_special" : true,
    "is_valid" : true,
    "key" : "13-12-2017/lists/all/W-322924-KirksLemonadeSugarFreeCans",
    "key_in_category_list" : "13-12-2017/lists/drinks/W-322924-KirksLemonadeSugarFreeCans",
    "likes" : 0,
    "name" : "Kirks Lemonade Sugar Free Cans",
    "package_price" : "$1.59 / 1L",
    "package_size" : "10x375ml pack",
    "price" : 5.95,
    "source" : "Woolies",
    "source_short" : "W",
    "stock_code" : "322924",
    "thumbnail_url" : "https://cdn0.woolworths.media/content/wowproductimages/medium/322924.jpg",
    "was_price" : 10.55
  },
  "W-324314-LindtExcellenceDarkChocolateRoastedAlmond" : {
    "brand" : "lindt excellence",
    "category" : "Pantry",
    "crawl_time" : 1.513115759258836E9,
    "end_promotion_date" : "12-12-2017",
    "id" : "W-324314-LindtExcellenceDarkChocolateRoastedAlmond",
    "is_available" : true,
    "is_on_special" : true,
    "is_valid" : true,
    "key" : "13-12-2017/lists/all/W-324314-LindtExcellenceDarkChocolateRoastedAlmond",
    "key_in_category_list" : "13-12-2017/lists/pantry/W-324314-LindtExcellenceDarkChocolateRoastedAlmond",
    "likes" : 0,
    "name" : "Lindt Excellence Dark Chocolate Roasted Almond",
    "package_price" : "$2.12 / 100G",
    "package_size" : "100g block",
    "price" : 2.12,
    "source" : "Woolies",
    "source_short" : "W",
    "stock_code" : "324314",
    "thumbnail_url" : "https://cdn0.woolworths.media/content/wowproductimages/medium/324314.jpg",
    "was_price" : 4.25
  },
  "W-324461-MotherEnergyDrink" : {
    "brand" : "mother",
    "category" : "Drinks",
    "crawl_time" : 1.513115662487838E9,
    "end_promotion_date" : "12-12-2017",
    "id" : "W-324461-MotherEnergyDrink",
    "is_available" : true,
    "is_on_special" : true,
    "is_valid" : true,
    "key" : "13-12-2017/lists/all/W-324461-MotherEnergyDrink",
    "key_in_category_list" : "13-12-2017/lists/drinks/W-324461-MotherEnergyDrink",
    "likes" : 0,
    "name" : "Mother Energy Drink ",
    "package_price" : "$3.03 / 1L",
    "package_size" : "4x500ml",
    "price" : 6.05,
    "source" : "Woolies",
    "source_short" : "W",
    "stock_code" : "324461",
    "thumbnail_url" : "https://cdn0.woolworths.media/content/wowproductimages/medium/324461.jpg",
    "was_price" : 11.75
  },
  "W-32749-GoldenCirclePineOrangeFruitDrink" : {
    "brand" : "golden circle",
    "category" : "Drinks",
    "crawl_time" : 1.513115499634321E9,
    "end_promotion_date" : "12-12-2017",
    "id" : "W-32749-GoldenCirclePineOrangeFruitDrink",
    "is_available" : true,
    "is_on_special" : true,
    "is_valid" : true,
    "key" : "13-12-2017/lists/all/W-32749-GoldenCirclePineOrangeFruitDrink",
    "key_in_category_list" : "13-12-2017/lists/drinks/W-32749-GoldenCirclePineOrangeFruitDrink",
    "likes" : 2,
    "name" : "Golden Circle Pine Orange Fruit Drink",
    "package_price" : "$1.10 / 1L",
    "package_size" : "1l",
    "price" : 1.1,
    "source" : "Woolies",
    "source_short" : "W",
    "stock_code" : "32749",
    "thumbnail_url" : "https://cdn0.woolworths.media/content/wowproductimages/medium/032749.jpg",
    "was_price" : 2.25
  },
  "W-329027-LindtLindorDarkAssorted" : {
    "brand" : "lindt lindor",
    "category" : "Pantry",
    "crawl_time" : 1.513115832346632E9,
    "end_promotion_date" : "12-12-2017",
    "id" : "W-329027-LindtLindorDarkAssorted",
    "is_available" : true,
    "is_on_special" : true,
    "is_valid" : true,
    "key" : "13-12-2017/lists/all/W-329027-LindtLindorDarkAssorted",
    "key_in_category_list" : "13-12-2017/lists/pantry/W-329027-LindtLindorDarkAssorted",
    "likes" : 0,
    "name" : "Lindt Lindor Dark Assorted",
    "package_price" : "$4.00 / 100G",
    "package_size" : "150g",
    "price" : 6.0,
    "source" : "Woolies",
    "source_short" : "W",
    "stock_code" : "329027",
    "thumbnail_url" : "https://cdn0.woolworths.media/content/wowproductimages/medium/329027.jpg",
    "was_price" : 12.5
  },
  "W-32931-SistemaStorageOrganiserTubsl" : {
    "brand" : "sistema",
    "category" : "Household",
    "crawl_time" : 1.513115689932657E9,
    "end_promotion_date" : "12-12-2017",
    "id" : "W-32931-SistemaStorageOrganiserTubsl",
    "is_available" : true,
    "is_on_special" : true,
    "is_valid" : true,
    "key" : "13-12-2017/lists/all/W-32931-SistemaStorageOrganiserTubsl",
    "key_in_category_list" : "13-12-2017/lists/household/W-32931-SistemaStorageOrganiserTubsl",
    "likes" : 4,
    "name" : "Sistema Storage Organiser Tubs 1.3l",
    "package_price" : "$0.00 / 0",
    "package_size" : "3pk",
    "price" : 4.0,
    "source" : "Woolies",
    "source_short" : "W",
    "stock_code" : "32931",
    "thumbnail_url" : "https://cdn0.woolworths.media/content/wowproductimages/medium/032931.jpg",
    "was_price" : 8.0
  },
  "W-32936-SistemaStorageOrganiserTubsl" : {
    "brand" : "sistema",
    "category" : "Household",
    "crawl_time" : 1.513115297532699E9,
    "end_promotion_date" : "12-12-2017",
    "id" : "W-32936-SistemaStorageOrganiserTubsl",
    "is_available" : true,
    "is_on_special" : true,
    "is_valid" : true,
    "key" : "13-12-2017/lists/all/W-32936-SistemaStorageOrganiserTubsl",
    "key_in_category_list" : "13-12-2017/lists/household/W-32936-SistemaStorageOrganiserTubsl",
    "likes" : 6,
    "name" : "Sistema Storage Organiser Tubs 1.8l",
    "package_price" : "$0.00 / 0",
    "package_size" : "3pk",
    "price" : 5.0,
    "source" : "Woolies",
    "source_short" : "W",
    "stock_code" : "32936",
    "thumbnail_url" : "https://cdn0.woolworths.media/content/wowproductimages/medium/032936.jpg",
    "was_price" : 10.0
  },
  "W-32944-SistemaStorageWithLidl" : {
    "brand" : "sistema",
    "category" : "Household",
    "crawl_time" : 1.51311585748379E9,
    "end_promotion_date" : "12-12-2017",
    "id" : "W-32944-SistemaStorageWithLidl",
    "is_available" : true,
    "is_on_special" : true,
    "is_valid" : true,
    "key" : "13-12-2017/lists/all/W-32944-SistemaStorageWithLidl",
    "key_in_category_list" : "13-12-2017/lists/household/W-32944-SistemaStorageWithLidl",
    "likes" : 0,
    "name" : "Sistema Storage With Lid 27l",
    "package_price" : "$0.00 / 0",
    "package_size" : "each",
    "price" : 9.5,
    "source" : "Woolies",
    "source_short" : "W",
    "stock_code" : "32944",
    "thumbnail_url" : "https://cdn0.woolworths.media/content/wowproductimages/medium/032944.jpg",
    "was_price" : 19.0
  },
  "W-330369-MarsBounty" : {
    "brand" : "mars",
    "category" : "Pantry",
    "crawl_time" : 1.513115835746175E9,
    "end_promotion_date" : "12-12-2017",
    "id" : "W-330369-MarsBounty",
    "is_available" : true,
    "is_on_special" : true,
    "is_valid" : true,
    "key" : "13-12-2017/lists/all/W-330369-MarsBounty",
    "key_in_category_list" : "13-12-2017/lists/pantry/W-330369-MarsBounty",
    "likes" : 0,
    "name" : "Mars Bounty ",
    "package_price" : "$2.22 / 100G",
    "package_size" : "45g bar",
    "price" : 1.0,
    "source" : "Woolies",
    "source_short" : "W",
    "stock_code" : "330369",
    "thumbnail_url" : "https://cdn0.woolworths.media/content/wowproductimages/medium/330369.jpg",
    "was_price" : 2.0
  },
  "W-330959-PeckishThinsRiceCrackersOriginal" : {
    "brand" : "peckish thins",
    "category" : "Pantry",
    "crawl_time" : 1.513115516510289E9,
    "end_promotion_date" : "12-12-2017",
    "id" : "W-330959-PeckishThinsRiceCrackersOriginal",
    "is_available" : true,
    "is_on_special" : true,
    "is_valid" : true,
    "key" : "13-12-2017/lists/all/W-330959-PeckishThinsRiceCrackersOriginal",
    "key_in_category_list" : "13-12-2017/lists/pantry/W-330959-PeckishThinsRiceCrackersOriginal",
    "likes" : 0,
    "name" : "Peckish Thins Rice Crackers Original",
    "package_price" : "$1.00 / 100G",
    "package_size" : "100g",
    "price" : 1.0,
    "source" : "Woolies",
    "source_short" : "W",
    "stock_code" : "330959",
    "thumbnail_url" : "https://cdn0.woolworths.media/content/wowproductimages/medium/330959.jpg",
    "was_price" : 2.2
  },
  "W-330962-PeckishThinsRiceCrackersSaltVinegar" : {
    "brand" : "peckish thins",
    "category" : "Pantry",
    "crawl_time" : 1.513115669306927E9,
    "end_promotion_date" : "12-12-2017",
    "id" : "W-330962-PeckishThinsRiceCrackersSaltVinegar",
    "is_available" : true,
    "is_on_special" : true,
    "is_valid" : true,
    "key" : "13-12-2017/lists/all/W-330962-PeckishThinsRiceCrackersSaltVinegar",
    "key_in_category_list" : "13-12-2017/lists/pantry/W-330962-PeckishThinsRiceCrackersSaltVinegar",
    "likes" : 1,
    "name" : "Peckish Thins Rice Crackers Salt & Vinegar",
    "package_price" : "$1.00 / 100G",
    "package_size" : "100g",
    "price" : 1.0,
    "source" : "Woolies",
    "source_short" : "W",
    "stock_code" : "330962",
    "thumbnail_url" : "https://cdn0.woolworths.media/content/wowproductimages/medium/330962.jpg",
    "was_price" : 2.2
  },
  "W-330964-PeckishThinsRiceCrackersSourCreamAndChives" : {
    "brand" : "peckish thins",
    "category" : "Pantry",
    "crawl_time" : 1.513115256951918E9,
    "end_promotion_date" : "12-12-2017",
    "id" : "W-330964-PeckishThinsRiceCrackersSourCreamAndChives",
    "is_available" : true,
    "is_on_special" : true,
    "is_valid" : true,
    "key" : "13-12-2017/lists/all/W-330964-PeckishThinsRiceCrackersSourCreamAndChives",
    "key_in_category_list" : "13-12-2017/lists/pantry/W-330964-PeckishThinsRiceCrackersSourCreamAndChives",
    "likes" : 0,
    "name" : "Peckish Thins Rice Crackers Sour Cream And Chives",
    "package_price" : "$1.00 / 100G",
    "package_size" : "100g",
    "price" : 1.0,
    "source" : "Woolies",
    "source_short" : "W",
    "stock_code" : "330964",
    "thumbnail_url" : "https://cdn0.woolworths.media/content/wowproductimages/medium/330964.jpg",
    "was_price" : 2.2
  },
  "W-330967-PeckishRiceCrackersTangyBbq" : {
    "brand" : "peckish",
    "category" : "Pantry",
    "crawl_time" : 1.513115870083047E9,
    "end_promotion_date" : "12-12-2017",
    "id" : "W-330967-PeckishRiceCrackersTangyBbq",
    "is_available" : true,
    "is_on_special" : true,
    "is_valid" : true,
    "key" : "13-12-2017/lists/all/W-330967-PeckishRiceCrackersTangyBbq",
    "key_in_category_list" : "13-12-2017/lists/pantry/W-330967-PeckishRiceCrackersTangyBbq",
    "likes" : 0,
    "name" : "Peckish Rice Crackers Tangy Bbq",
    "package_price" : "$1.00 / 100G",
    "package_size" : "100g",
    "price" : 1.0,
    "source" : "Woolies",
    "source_short" : "W",
    "stock_code" : "330967",
    "thumbnail_url" : "https://cdn0.woolworths.media/content/wowproductimages/medium/330967.jpg",
    "was_price" : 2.2
  },
  "W-330971-PeckishThinsRiceCrackersSweetChilli" : {
    "brand" : "peckish thins",
    "category" : "Pantry",
    "crawl_time" : 1.51311557240116E9,
    "end_promotion_date" : "12-12-2017",
    "id" : "W-330971-PeckishThinsRiceCrackersSweetChilli",
    "is_available" : true,
    "is_on_special" : true,
    "is_valid" : true,
    "key" : "13-12-2017/lists/all/W-330971-PeckishThinsRiceCrackersSweetChilli",
    "key_in_category_list" : "13-12-2017/lists/pantry/W-330971-PeckishThinsRiceCrackersSweetChilli",
    "likes" : 0,
    "name" : "Peckish Thins Rice Crackers Sweet Chilli",
    "package_price" : "$1.00 / 100G",
    "package_size" : "100g",
    "price" : 1.0,
    "source" : "Woolies",
    "source_short" : "W",
    "stock_code" : "330971",
    "thumbnail_url" : "https://cdn0.woolworths.media/content/wowproductimages/medium/330971.jpg",
    "was_price" : 2.2
  },
  "W-330993-PeckishThinsRiceCrackersCheddarCheese" : {
    "brand" : "peckish thins",
    "category" : "Pantry",
    "crawl_time" : 1.513115634981713E9,
    "end_promotion_date" : "12-12-2017",
    "id" : "W-330993-PeckishThinsRiceCrackersCheddarCheese",
    "is_available" : true,
    "is_on_special" : true,
    "is_valid" : true,
    "key" : "13-12-2017/lists/all/W-330993-PeckishThinsRiceCrackersCheddarCheese",
    "key_in_category_list" : "13-12-2017/lists/pantry/W-330993-PeckishThinsRiceCrackersCheddarCheese",
    "likes" : 1,
    "name" : "Peckish Thins Rice Crackers Cheddar Cheese",
    "package_price" : "$1.00 / 100G",
    "package_size" : "100g",
    "price" : 1.0,
    "source" : "Woolies",
    "source_short" : "W",
    "stock_code" : "330993",
    "thumbnail_url" : "https://cdn0.woolworths.media/content/wowproductimages/medium/330993.jpg",
    "was_price" : 2.2
  },
  "W-331579-OlayRegeneristAdvancedAntiAgeingCreamCleanser" : {
    "brand" : "olay",
    "category" : "Health & Beauty",
    "crawl_time" : 1.513115590838623E9,
    "end_promotion_date" : "12-12-2017",
    "id" : "W-331579-OlayRegeneristAdvancedAntiAgeingCreamCleanser",
    "is_available" : true,
    "is_on_special" : true,
    "is_valid" : true,
    "key" : "13-12-2017/lists/all/W-331579-OlayRegeneristAdvancedAntiAgeingCreamCleanser",
    "key_in_category_list" : "13-12-2017/lists/beauty/W-331579-OlayRegeneristAdvancedAntiAgeingCreamCleanser",
    "likes" : 0,
    "name" : "Olay Regenerist Advanced Anti Ageing Cream Cleanser",
    "package_price" : "$8.99 / 100G",
    "package_size" : "100g",
    "price" : 8.99,
    "source" : "Woolies",
    "source_short" : "W",
    "stock_code" : "331579",
    "thumbnail_url" : "https://cdn0.woolworths.media/content/wowproductimages/medium/331579.jpg",
    "was_price" : 17.99
  },
  "W-33533-ParamountSalmonRed" : {
    "brand" : "paramount",
    "category" : "Pantry",
    "crawl_time" : 1.513115420850958E9,
    "end_promotion_date" : "12-12-2017",
    "id" : "W-33533-ParamountSalmonRed",
    "is_available" : true,
    "is_on_special" : true,
    "is_valid" : true,
    "key" : "13-12-2017/lists/all/W-33533-ParamountSalmonRed",
    "key_in_category_list" : "13-12-2017/lists/pantry/W-33533-ParamountSalmonRed",
    "likes" : 0,
    "name" : "Paramount Salmon Red",
    "package_price" : "$14.29 / 1KG",
    "package_size" : "210g",
    "price" : 3.0,
    "source" : "Woolies",
    "source_short" : "W",
    "stock_code" : "33533",
    "thumbnail_url" : "https://cdn0.woolworths.media/content/wowproductimages/medium/033533.jpg",
    "was_price" : 6.0
  },
  "W-337237-GoldenfryGravySmoothRichGranules" : {
    "brand" : "goldenfry",
    "category" : "Pantry",
    "crawl_time" : 1.513115352310574E9,
    "end_promotion_date" : "12-12-2017",
    "id" : "W-337237-GoldenfryGravySmoothRichGranules",
    "is_available" : true,
    "is_on_special" : true,
    "is_valid" : true,
    "key" : "13-12-2017/lists/all/W-337237-GoldenfryGravySmoothRichGranules",
    "key_in_category_list" : "13-12-2017/lists/pantry/W-337237-GoldenfryGravySmoothRichGranules",
    "likes" : 0,
    "name" : "Goldenfry Gravy Smooth Rich Granules",
    "package_price" : "$1.05 / 100G",
    "package_size" : "300g",
    "price" : 3.15,
    "source" : "Woolies",
    "source_short" : "W",
    "stock_code" : "337237",
    "thumbnail_url" : "https://cdn0.woolworths.media/content/wowproductimages/medium/337237.jpg",
    "was_price" : 6.3
  },
  "W-337583-JacobsSnacksClubOrange" : {
    "brand" : "jacobs",
    "category" : "Pantry",
    "crawl_time" : 1.513115471392024E9,
    "end_promotion_date" : "12-12-2017",
    "id" : "W-337583-JacobsSnacksClubOrange",
    "is_available" : true,
    "is_on_special" : true,
    "is_valid" : true,
    "key" : "13-12-2017/lists/all/W-337583-JacobsSnacksClubOrange",
    "key_in_category_list" : "13-12-2017/lists/pantry/W-337583-JacobsSnacksClubOrange",
    "likes" : 0,
    "name" : "Jacobs Snacks Club Orange",
    "package_price" : "$1.42 / 100G",
    "package_size" : "176g",
    "price" : 2.5,
    "source" : "Woolies",
    "source_short" : "W",
    "stock_code" : "337583",
    "thumbnail_url" : "https://cdn0.woolworths.media/content/wowproductimages/medium/337583.jpg",
    "was_price" : 5.0
  },
  "W-33981-GoldenCircleTropicalPunchFruitDrink" : {
    "brand" : "golden circle",
    "category" : "Household",
    "crawl_time" : 1.513115858643089E9,
    "end_promotion_date" : "12-12-2017",
    "id" : "W-33981-GoldenCircleTropicalPunchFruitDrink",
    "is_available" : true,
    "is_on_special" : true,
    "is_valid" : true,
    "key" : "13-12-2017/lists/all/W-33981-GoldenCircleTropicalPunchFruitDrink",
    "key_in_category_list" : "13-12-2017/lists/household/W-33981-GoldenCircleTropicalPunchFruitDrink",
    "likes" : 2,
    "name" : "Golden Circle Tropical Punch Fruit Drink",
    "package_price" : "$1.10 / 1L",
    "package_size" : "1l",
    "price" : 1.1,
    "source" : "Woolies",
    "source_short" : "W",
    "stock_code" : "33981",
    "thumbnail_url" : "https://cdn0.woolworths.media/content/wowproductimages/medium/033981.jpg",
    "was_price" : 2.25
  },
  "W-341058-LiptonIceTeaRaspberry" : {
    "brand" : "lipton",
    "category" : "Drinks",
    "crawl_time" : 1.513115811707946E9,
    "end_promotion_date" : "12-12-2017",
    "id" : "W-341058-LiptonIceTeaRaspberry",
    "is_available" : true,
    "is_on_special" : true,
    "is_valid" : true,
    "key" : "13-12-2017/lists/all/W-341058-LiptonIceTeaRaspberry",
    "key_in_category_list" : "13-12-2017/lists/drinks/W-341058-LiptonIceTeaRaspberry",
    "likes" : 0,
    "name" : "Lipton Ice Tea Raspberry",
    "package_price" : "$1.26 / 1L",
    "package_size" : "1.5l",
    "price" : 1.89,
    "source" : "Woolies",
    "source_short" : "W",
    "stock_code" : "341058",
    "thumbnail_url" : "https://cdn0.woolworths.media/content/wowproductimages/medium/341058.jpg",
    "was_price" : 3.9
  },
  "W-341060-LiptonIceGreenTeaOriginal" : {
    "brand" : "lipton",
    "category" : "Drinks",
    "crawl_time" : 1.513115618327094E9,
    "end_promotion_date" : "12-12-2017",
    "id" : "W-341060-LiptonIceGreenTeaOriginal",
    "is_available" : true,
    "is_on_special" : true,
    "is_valid" : true,
    "key" : "13-12-2017/lists/all/W-341060-LiptonIceGreenTeaOriginal",
    "key_in_category_list" : "13-12-2017/lists/drinks/W-341060-LiptonIceGreenTeaOriginal",
    "likes" : 0,
    "name" : "Lipton Ice Green Tea Original",
    "package_price" : "$1.26 / 1L",
    "package_size" : "1.5l",
    "price" : 1.89,
    "source" : "Woolies",
    "source_short" : "W",
    "stock_code" : "341060",
    "thumbnail_url" : "https://cdn0.woolworths.media/content/wowproductimages/medium/341060.jpg",
    "was_price" : 3.9
  },
  "W-345099-DecorMatchupsStorerOblong" : {
    "brand" : "decor match-ups",
    "category" : "Household",
    "crawl_time" : 1.51311551766387E9,
    "end_promotion_date" : "12-12-2017",
    "id" : "W-345099-DecorMatchupsStorerOblong",
    "is_available" : true,
    "is_on_special" : true,
    "is_valid" : true,
    "key" : "13-12-2017/lists/all/W-345099-DecorMatchupsStorerOblong",
    "key_in_category_list" : "13-12-2017/lists/household/W-345099-DecorMatchupsStorerOblong",
    "likes" : 0,
    "name" : "Decor Match-ups Storer Oblong",
    "package_price" : "$0.00 / 0",
    "package_size" : "4l",
    "price" : 5.99,
    "source" : "Woolies",
    "source_short" : "W",
    "stock_code" : "345099",
    "thumbnail_url" : "https://cdn0.woolworths.media/content/wowproductimages/medium/345099.jpg",
    "was_price" : 11.99
  },
  "W-345101-DecorMatchupsStorerOblong" : {
    "brand" : "decor match-ups",
    "category" : "Household",
    "crawl_time" : 1.513115372451725E9,
    "end_promotion_date" : "12-12-2017",
    "id" : "W-345101-DecorMatchupsStorerOblong",
    "is_available" : true,
    "is_on_special" : true,
    "is_valid" : true,
    "key" : "13-12-2017/lists/all/W-345101-DecorMatchupsStorerOblong",
    "key_in_category_list" : "13-12-2017/lists/household/W-345101-DecorMatchupsStorerOblong",
    "likes" : 1,
    "name" : "Decor Match-ups Storer Oblong",
    "package_price" : "$0.00 / 0",
    "package_size" : "2l",
    "price" : 4.49,
    "source" : "Woolies",
    "source_short" : "W",
    "stock_code" : "345101",
    "thumbnail_url" : "https://cdn0.woolworths.media/content/wowproductimages/medium/345101.jpg",
    "was_price" : 8.99
  },
  "W-345102-DecorMatchupsStorerOblong" : {
    "brand" : "decor match-ups",
    "category" : "Household",
    "crawl_time" : 1.513115431298839E9,
    "end_promotion_date" : "12-12-2017",
    "id" : "W-345102-DecorMatchupsStorerOblong",
    "is_available" : true,
    "is_on_special" : true,
    "is_valid" : true,
    "key" : "13-12-2017/lists/all/W-345102-DecorMatchupsStorerOblong",
    "key_in_category_list" : "13-12-2017/lists/household/W-345102-DecorMatchupsStorerOblong",
    "likes" : 1,
    "name" : "Decor Match-ups Storer Oblong",
    "package_price" : "$0.00 / 0",
    "package_size" : "1l",
    "price" : 3.49,
    "source" : "Woolies",
    "source_short" : "W",
    "stock_code" : "345102",
    "thumbnail_url" : "https://cdn0.woolworths.media/content/wowproductimages/medium/345102.jpg",
    "was_price" : 6.99
  },
  "W-345104-DecorMatchupsStorerOblong" : {
    "brand" : "decor match-ups",
    "category" : "Household",
    "crawl_time" : 1.513115820439615E9,
    "end_promotion_date" : "12-12-2017",
    "id" : "W-345104-DecorMatchupsStorerOblong",
    "is_available" : true,
    "is_on_special" : true,
    "is_valid" : true,
    "key" : "13-12-2017/lists/all/W-345104-DecorMatchupsStorerOblong",
    "key_in_category_list" : "13-12-2017/lists/household/W-345104-DecorMatchupsStorerOblong",
    "likes" : 0,
    "name" : "Decor Match-ups Storer Oblong",
    "package_price" : "$0.00 / 0",
    "package_size" : "500ml",
    "price" : 2.49,
    "source" : "Woolies",
    "source_short" : "W",
    "stock_code" : "345104",
    "thumbnail_url" : "https://cdn0.woolworths.media/content/wowproductimages/medium/345104.jpg",
    "was_price" : 4.99
  },
  "W-34543-GoldenCirclePineappleMangoFruitDrink" : {
    "brand" : "golden circle",
    "category" : "Household",
    "crawl_time" : 1.513115623670471E9,
    "end_promotion_date" : "12-12-2017",
    "id" : "W-34543-GoldenCirclePineappleMangoFruitDrink",
    "is_available" : true,
    "is_on_special" : true,
    "is_valid" : true,
    "key" : "13-12-2017/lists/all/W-34543-GoldenCirclePineappleMangoFruitDrink",
    "key_in_category_list" : "13-12-2017/lists/household/W-34543-GoldenCirclePineappleMangoFruitDrink",
    "likes" : 16,
    "name" : "Golden Circle Pineapple & Mango Fruit Drink",
    "package_price" : "$1.10 / 1L",
    "package_size" : "1l",
    "price" : 1.1,
    "source" : "Woolies",
    "source_short" : "W",
    "stock_code" : "34543",
    "thumbnail_url" : "https://cdn0.woolworths.media/content/wowproductimages/medium/034543.jpg",
    "was_price" : 2.25
  },
  "W-346722-LindtExcellenceDarkChocolateATouchOfSeaSalt" : {
    "brand" : "lindt excellence",
    "category" : "Pantry",
    "crawl_time" : 1.513115318982457E9,
    "end_promotion_date" : "12-12-2017",
    "id" : "W-346722-LindtExcellenceDarkChocolateATouchOfSeaSalt",
    "is_available" : true,
    "is_on_special" : true,
    "is_valid" : true,
    "key" : "13-12-2017/lists/all/W-346722-LindtExcellenceDarkChocolateATouchOfSeaSalt",
    "key_in_category_list" : "13-12-2017/lists/pantry/W-346722-LindtExcellenceDarkChocolateATouchOfSeaSalt",
    "likes" : 0,
    "name" : "Lindt Excellence Dark Chocolate A Touch Of Sea Salt",
    "package_price" : "$2.12 / 100G",
    "package_size" : "100g block",
    "price" : 2.12,
    "source" : "Woolies",
    "source_short" : "W",
    "stock_code" : "346722",
    "thumbnail_url" : "https://cdn0.woolworths.media/content/wowproductimages/medium/346722.jpg",
    "was_price" : 4.25
  },
  "W-347100-NestlePlaistoweCookingChocolateCocoa" : {
    "brand" : "nestle plaistowe",
    "category" : "Pantry",
    "crawl_time" : 1.51311580079895E9,
    "end_promotion_date" : "12-12-2017",
    "id" : "W-347100-NestlePlaistoweCookingChocolateCocoa",
    "is_available" : true,
    "is_on_special" : true,
    "is_valid" : true,
    "key" : "13-12-2017/lists/all/W-347100-NestlePlaistoweCookingChocolateCocoa",
    "key_in_category_list" : "13-12-2017/lists/pantry/W-347100-NestlePlaistoweCookingChocolateCocoa",
    "likes" : 0,
    "name" : "Nestle Plaistowe Cooking Chocolate 70% Cocoa",
    "package_price" : "$1.00 / 100G",
    "package_size" : "200g",
    "price" : 2.0,
    "source" : "Woolies",
    "source_short" : "W",
    "stock_code" : "347100",
    "thumbnail_url" : "https://cdn0.woolworths.media/content/wowproductimages/medium/347100.jpg",
    "was_price" : 4.0
  },
  "W-353084-CadburyRoses" : {
    "brand" : "cadbury",
    "category" : "Pantry",
    "crawl_time" : 1.51311576066507E9,
    "end_promotion_date" : "12-12-2017",
    "id" : "W-353084-CadburyRoses",
    "is_available" : true,
    "is_on_special" : true,
    "is_valid" : true,
    "key" : "13-12-2017/lists/all/W-353084-CadburyRoses",
    "key_in_category_list" : "13-12-2017/lists/pantry/W-353084-CadburyRoses",
    "likes" : 4,
    "name" : "Cadbury Roses ",
    "package_price" : "$1.72 / 100G",
    "package_size" : "450g gift box",
    "price" : 7.75,
    "source" : "Woolies",
    "source_short" : "W",
    "stock_code" : "353084",
    "thumbnail_url" : "https://cdn0.woolworths.media/content/wowproductimages/medium/353084.jpg",
    "was_price" : 15.5
  },
  "W-35498-GoldenCircleSunshinePunchFruitDrink" : {
    "brand" : "golden circle",
    "category" : "Drinks",
    "crawl_time" : 1.51311548961563E9,
    "end_promotion_date" : "12-12-2017",
    "id" : "W-35498-GoldenCircleSunshinePunchFruitDrink",
    "is_available" : true,
    "is_on_special" : true,
    "is_valid" : true,
    "key" : "13-12-2017/lists/all/W-35498-GoldenCircleSunshinePunchFruitDrink",
    "key_in_category_list" : "13-12-2017/lists/drinks/W-35498-GoldenCircleSunshinePunchFruitDrink",
    "likes" : 3,
    "name" : "Golden Circle Sunshine Punch Fruit Drink",
    "package_price" : "$1.10 / 1L",
    "package_size" : "1l",
    "price" : 1.1,
    "source" : "Woolies",
    "source_short" : "W",
    "stock_code" : "35498",
    "thumbnail_url" : "https://cdn0.woolworths.media/content/wowproductimages/medium/035498.jpg",
    "was_price" : 2.25
  },
  "W-355094-OlayRegeneristMicrosculptingFaceSerum" : {
    "brand" : "olay",
    "category" : "Health & Beauty",
    "crawl_time" : 1.513115465425002E9,
    "end_promotion_date" : "12-12-2017",
    "id" : "W-355094-OlayRegeneristMicrosculptingFaceSerum",
    "is_available" : true,
    "is_on_special" : true,
    "is_valid" : true,
    "key" : "13-12-2017/lists/all/W-355094-OlayRegeneristMicrosculptingFaceSerum",
    "key_in_category_list" : "13-12-2017/lists/beauty/W-355094-OlayRegeneristMicrosculptingFaceSerum",
    "likes" : 0,
    "name" : "Olay Regenerist Micro-sculpting Face Serum",
    "package_price" : "$53.00 / 100ML",
    "package_size" : "50ml",
    "price" : 26.5,
    "source" : "Woolies",
    "source_short" : "W",
    "stock_code" : "355094",
    "thumbnail_url" : "https://cdn0.woolworths.media/content/wowproductimages/medium/355094.jpg",
    "was_price" : 53.0
  },
  "W-356187-BondsExplorerSocksMensNavySize" : {
    "brand" : "bonds",
    "category" : "Household",
    "crawl_time" : 1.51311571529258E9,
    "end_promotion_date" : "12-12-2017",
    "id" : "W-356187-BondsExplorerSocksMensNavySize",
    "is_available" : true,
    "is_on_special" : true,
    "is_valid" : true,
    "key" : "13-12-2017/lists/all/W-356187-BondsExplorerSocksMensNavySize",
    "key_in_category_list" : "13-12-2017/lists/household/W-356187-BondsExplorerSocksMensNavySize",
    "likes" : 0,
    "name" : "Bonds Explorer Socks Mens Navy Size 6-10",
    "package_price" : "$7.00 / 1EA",
    "package_size" : "each",
    "price" : 7.0,
    "source" : "Woolies",
    "source_short" : "W",
    "stock_code" : "356187",
    "thumbnail_url" : "https://cdn0.woolworths.media/content/wowproductimages/medium/356187.jpg",
    "was_price" : 14.0
  },
  "W-357765-BondsExplorerSocksMensNavySize" : {
    "brand" : "bonds",
    "category" : "Household",
    "crawl_time" : 1.513115729488461E9,
    "end_promotion_date" : "12-12-2017",
    "id" : "W-357765-BondsExplorerSocksMensNavySize",
    "is_available" : true,
    "is_on_special" : true,
    "is_valid" : true,
    "key" : "13-12-2017/lists/all/W-357765-BondsExplorerSocksMensNavySize",
    "key_in_category_list" : "13-12-2017/lists/household/W-357765-BondsExplorerSocksMensNavySize",
    "likes" : 0,
    "name" : "Bonds Explorer Socks Mens Navy Size 11-14",
    "package_price" : "$0.00 / 0",
    "package_size" : "each",
    "price" : 7.0,
    "source" : "Woolies",
    "source_short" : "W",
    "stock_code" : "357765",
    "thumbnail_url" : "https://cdn0.woolworths.media/content/wowproductimages/medium/357765.jpg",
    "was_price" : 14.0
  },
  "W-358119-BondsExplorerSocksMensBlackSize" : {
    "brand" : "bonds",
    "category" : "Household",
    "crawl_time" : 1.513115721336218E9,
    "end_promotion_date" : "12-12-2017",
    "id" : "W-358119-BondsExplorerSocksMensBlackSize",
    "is_available" : true,
    "is_on_special" : true,
    "is_valid" : true,
    "key" : "13-12-2017/lists/all/W-358119-BondsExplorerSocksMensBlackSize",
    "key_in_category_list" : "13-12-2017/lists/household/W-358119-BondsExplorerSocksMensBlackSize",
    "likes" : 0,
    "name" : "Bonds Explorer Socks Mens Black Size 11-14",
    "package_price" : "$0.00 / 0",
    "package_size" : "1pk",
    "price" : 7.0,
    "source" : "Woolies",
    "source_short" : "W",
    "stock_code" : "358119",
    "thumbnail_url" : "https://cdn0.woolworths.media/content/wowproductimages/medium/358119.jpg",
    "was_price" : 14.0
  },
  "W-361088-BondsSocksMensBusinessBlackSize" : {
    "brand" : "bonds",
    "category" : "Household",
    "crawl_time" : 1.513115366553435E9,
    "end_promotion_date" : "12-12-2017",
    "id" : "W-361088-BondsSocksMensBusinessBlackSize",
    "is_available" : true,
    "is_on_special" : true,
    "is_valid" : true,
    "key" : "13-12-2017/lists/all/W-361088-BondsSocksMensBusinessBlackSize",
    "key_in_category_list" : "13-12-2017/lists/household/W-361088-BondsSocksMensBusinessBlackSize",
    "likes" : 0,
    "name" : "Bonds Socks Mens Business Black Size 11-14",
    "package_price" : "$2.33 / 1EA",
    "package_size" : "3pk",
    "price" : 7.0,
    "source" : "Woolies",
    "source_short" : "W",
    "stock_code" : "361088",
    "thumbnail_url" : "https://cdn0.woolworths.media/content/wowproductimages/medium/361088.jpg",
    "was_price" : 14.0
  },
  "W-361095-BondsSocksMensNoShowTrainers" : {
    "brand" : "bonds",
    "category" : "Household",
    "crawl_time" : 1.513115849217796E9,
    "end_promotion_date" : "12-12-2017",
    "id" : "W-361095-BondsSocksMensNoShowTrainers",
    "is_available" : true,
    "is_on_special" : true,
    "is_valid" : true,
    "key" : "13-12-2017/lists/all/W-361095-BondsSocksMensNoShowTrainers",
    "key_in_category_list" : "13-12-2017/lists/household/W-361095-BondsSocksMensNoShowTrainers",
    "likes" : 0,
    "name" : "Bonds Socks Mens No Show Trainers 11-14",
    "package_price" : "$2.33 / 1EA",
    "package_size" : "3pk",
    "price" : 7.0,
    "source" : "Woolies",
    "source_short" : "W",
    "stock_code" : "361095",
    "thumbnail_url" : "https://cdn0.woolworths.media/content/wowproductimages/medium/361095.jpg",
    "was_price" : 14.0
  },
  "W-361096-BondsMensSocksLogoCrewSportsSize" : {
    "brand" : "bonds mens",
    "category" : "Household",
    "crawl_time" : 1.513115722459317E9,
    "end_promotion_date" : "12-12-2017",
    "id" : "W-361096-BondsMensSocksLogoCrewSportsSize",
    "is_available" : true,
    "is_on_special" : true,
    "is_valid" : true,
    "key" : "13-12-2017/lists/all/W-361096-BondsMensSocksLogoCrewSportsSize",
    "key_in_category_list" : "13-12-2017/lists/household/W-361096-BondsMensSocksLogoCrewSportsSize",
    "likes" : 0,
    "name" : "Bonds Mens Socks Logo 1/4 Crew Sports Size 11-14",
    "package_price" : "$2.33 / 1EA",
    "package_size" : "3pk",
    "price" : 7.0,
    "source" : "Woolies",
    "source_short" : "W",
    "stock_code" : "361096",
    "thumbnail_url" : "https://cdn0.woolworths.media/content/wowproductimages/medium/361096.jpg",
    "was_price" : 14.0
  },
  "W-361121-BondsWomensSocksLogoSportsSize" : {
    "brand" : "bonds womens",
    "category" : "Household",
    "crawl_time" : 1.513115723598654E9,
    "end_promotion_date" : "12-12-2017",
    "id" : "W-361121-BondsWomensSocksLogoSportsSize",
    "is_available" : true,
    "is_on_special" : true,
    "is_valid" : true,
    "key" : "13-12-2017/lists/all/W-361121-BondsWomensSocksLogoSportsSize",
    "key_in_category_list" : "13-12-2017/lists/household/W-361121-BondsWomensSocksLogoSportsSize",
    "likes" : 0,
    "name" : "Bonds Womens Socks Logo Sports 1/4 Size 8-11",
    "package_price" : "$2.33 / 1EA",
    "package_size" : "3pk",
    "price" : 7.0,
    "source" : "Woolies",
    "source_short" : "W",
    "stock_code" : "361121",
    "thumbnail_url" : "https://cdn0.woolworths.media/content/wowproductimages/medium/361121.jpg",
    "was_price" : 14.0
  },
  "W-361965-OlayRegeneristMicrosculptingUvDayCreamSpf" : {
    "brand" : "olay",
    "category" : "Health & Beauty",
    "crawl_time" : 1.513115871221381E9,
    "end_promotion_date" : "12-12-2017",
    "id" : "W-361965-OlayRegeneristMicrosculptingUvDayCreamSpf",
    "is_available" : true,
    "is_on_special" : true,
    "is_valid" : true,
    "key" : "13-12-2017/lists/all/W-361965-OlayRegeneristMicrosculptingUvDayCreamSpf",
    "key_in_category_list" : "13-12-2017/lists/beauty/W-361965-OlayRegeneristMicrosculptingUvDayCreamSpf",
    "likes" : 1,
    "name" : "Olay Regenerist Micro-sculpting Uv Day Cream Spf30",
    "package_price" : "$49.00 / 100G",
    "package_size" : "50ml",
    "price" : 24.5,
    "source" : "Woolies",
    "source_short" : "W",
    "stock_code" : "361965",
    "thumbnail_url" : "https://cdn0.woolworths.media/content/wowproductimages/medium/361965.jpg",
    "was_price" : 49.0
  },
  "W-363572-SchwarzkopfExtraCareShampooPushUpVolumeHairRepair" : {
    "brand" : "schwarzkopf extra care",
    "category" : "Health & Beauty",
    "crawl_time" : 1.513115467736278E9,
    "end_promotion_date" : "12-12-2017",
    "id" : "W-363572-SchwarzkopfExtraCareShampooPushUpVolumeHairRepair",
    "is_available" : true,
    "is_on_special" : true,
    "is_valid" : true,
    "key" : "13-12-2017/lists/all/W-363572-SchwarzkopfExtraCareShampooPushUpVolumeHairRepair",
    "key_in_category_list" : "13-12-2017/lists/beauty/W-363572-SchwarzkopfExtraCareShampooPushUpVolumeHairRepair",
    "likes" : 0,
    "name" : "Schwarzkopf Extra Care Shampoo Push Up Volume Hair Repair",
    "package_price" : "$0.86 / 100ML",
    "package_size" : "400ml",
    "price" : 3.44,
    "source" : "Woolies",
    "source_short" : "W",
    "stock_code" : "363572",
    "thumbnail_url" : "https://cdn0.woolworths.media/content/wowproductimages/medium/363572.jpg",
    "was_price" : 6.9
  },
  "W-363573-SchwarzkopfExtraCareConditionerPushUpVolumeHairRepair" : {
    "brand" : "schwarzkopf extra care",
    "category" : "Health & Beauty",
    "crawl_time" : 1.51311533470627E9,
    "end_promotion_date" : "12-12-2017",
    "id" : "W-363573-SchwarzkopfExtraCareConditionerPushUpVolumeHairRepair",
    "is_available" : true,
    "is_on_special" : true,
    "is_valid" : true,
    "key" : "13-12-2017/lists/all/W-363573-SchwarzkopfExtraCareConditionerPushUpVolumeHairRepair",
    "key_in_category_list" : "13-12-2017/lists/beauty/W-363573-SchwarzkopfExtraCareConditionerPushUpVolumeHairRepair",
    "likes" : 0,
    "name" : "Schwarzkopf Extra Care Conditioner Push Up Volume Hair Repair",
    "package_price" : "$0.86 / 100ML",
    "package_size" : "400ml",
    "price" : 3.44,
    "source" : "Woolies",
    "source_short" : "W",
    "stock_code" : "363573",
    "thumbnail_url" : "https://cdn0.woolworths.media/content/wowproductimages/medium/363573.jpg",
    "was_price" : 6.9
  },
  "W-363865-WoolworthsEssentialsSheetFlatCreamQueenBed" : {
    "brand" : "woolworths essentials",
    "category" : "Household",
    "crawl_time" : 1.513115367941247E9,
    "end_promotion_date" : "12-12-2017",
    "id" : "W-363865-WoolworthsEssentialsSheetFlatCreamQueenBed",
    "is_available" : true,
    "is_on_special" : true,
    "is_valid" : true,
    "key" : "13-12-2017/lists/all/W-363865-WoolworthsEssentialsSheetFlatCreamQueenBed",
    "key_in_category_list" : "13-12-2017/lists/household/W-363865-WoolworthsEssentialsSheetFlatCreamQueenBed",
    "likes" : 0,
    "name" : "Woolworths Essentials Sheet Flat Cream Queen Bed",
    "package_price" : "$0.00 / 0",
    "package_size" : "each",
    "price" : 10.0,
    "source" : "Woolies",
    "source_short" : "W",
    "stock_code" : "363865",
    "thumbnail_url" : "https://cdn0.woolworths.media/content/wowproductimages/medium/363865.jpg",
    "was_price" : 20.0
  },
  "W-363868-WoolworthsEssentialsSheetFlatMocha" : {
    "brand" : "woolworths essentials",
    "category" : "Household",
    "crawl_time" : 1.513115287878554E9,
    "end_promotion_date" : "12-12-2017",
    "id" : "W-363868-WoolworthsEssentialsSheetFlatMocha",
    "is_available" : true,
    "is_on_special" : true,
    "is_valid" : true,
    "key" : "13-12-2017/lists/all/W-363868-WoolworthsEssentialsSheetFlatMocha",
    "key_in_category_list" : "13-12-2017/lists/household/W-363868-WoolworthsEssentialsSheetFlatMocha",
    "likes" : 0,
    "name" : "Woolworths Essentials Sheet Flat Mocha",
    "package_price" : "$0.00 / 0",
    "package_size" : "each",
    "price" : 10.0,
    "source" : "Woolies",
    "source_short" : "W",
    "stock_code" : "363868",
    "thumbnail_url" : "https://cdn0.woolworths.media/content/wowproductimages/medium/363868.jpg",
    "was_price" : 20.0
  },
  "W-363870-WoolworthsEssentialsPillowcaseCream" : {
    "brand" : "woolworths essentials",
    "category" : "Household",
    "crawl_time" : 1.513115872366221E9,
    "end_promotion_date" : "12-12-2017",
    "id" : "W-363870-WoolworthsEssentialsPillowcaseCream",
    "is_available" : true,
    "is_on_special" : true,
    "is_valid" : true,
    "key" : "13-12-2017/lists/all/W-363870-WoolworthsEssentialsPillowcaseCream",
    "key_in_category_list" : "13-12-2017/lists/household/W-363870-WoolworthsEssentialsPillowcaseCream",
    "likes" : 0,
    "name" : "Woolworths Essentials Pillowcase Cream",
    "package_price" : "$0.00 / 0",
    "package_size" : "1pk",
    "price" : 3.0,
    "source" : "Woolies",
    "source_short" : "W",
    "stock_code" : "363870",
    "thumbnail_url" : "https://cdn0.woolworths.media/content/wowproductimages/medium/363870.jpg",
    "was_price" : 6.0
  },
  "W-363873-WoolworthsEssentialsPillowcaseMocha" : {
    "brand" : "woolworths essentials",
    "category" : "Household",
    "crawl_time" : 1.513115324277001E9,
    "end_promotion_date" : "12-12-2017",
    "id" : "W-363873-WoolworthsEssentialsPillowcaseMocha",
    "is_available" : true,
    "is_on_special" : true,
    "is_valid" : true,
    "key" : "13-12-2017/lists/all/W-363873-WoolworthsEssentialsPillowcaseMocha",
    "key_in_category_list" : "13-12-2017/lists/household/W-363873-WoolworthsEssentialsPillowcaseMocha",
    "likes" : 0,
    "name" : "Woolworths Essentials Pillowcase Mocha",
    "package_price" : "$0.00 / 0",
    "package_size" : "1pk",
    "price" : 3.0,
    "source" : "Woolies",
    "source_short" : "W",
    "stock_code" : "363873",
    "thumbnail_url" : "https://cdn0.woolworths.media/content/wowproductimages/medium/363873.jpg",
    "was_price" : 6.0
  },
  "W-36395-OlayMoisturisingCream" : {
    "brand" : "olay",
    "category" : "Pantry",
    "crawl_time" : 1.513115260479215E9,
    "end_promotion_date" : "12-12-2017",
    "id" : "W-36395-OlayMoisturisingCream",
    "is_available" : true,
    "is_on_special" : true,
    "is_valid" : true,
    "key" : "13-12-2017/lists/all/W-36395-OlayMoisturisingCream",
    "key_in_category_list" : "13-12-2017/lists/pantry/W-36395-OlayMoisturisingCream",
    "likes" : 0,
    "name" : "Olay Moisturising Cream ",
    "package_price" : "$6.50 / 100G",
    "package_size" : "100g",
    "price" : 6.5,
    "source" : "Woolies",
    "source_short" : "W",
    "stock_code" : "36395",
    "thumbnail_url" : "https://cdn0.woolworths.media/content/wowproductimages/medium/036395.jpg",
    "was_price" : 13.0
  },
  "W-365139-BondsWomensSocksNoShowTrainersSize" : {
    "brand" : "bonds womens",
    "category" : "Household",
    "crawl_time" : 1.513115518852725E9,
    "end_promotion_date" : "12-12-2017",
    "id" : "W-365139-BondsWomensSocksNoShowTrainersSize",
    "is_available" : true,
    "is_on_special" : true,
    "is_valid" : true,
    "key" : "13-12-2017/lists/all/W-365139-BondsWomensSocksNoShowTrainersSize",
    "key_in_category_list" : "13-12-2017/lists/household/W-365139-BondsWomensSocksNoShowTrainersSize",
    "likes" : 1,
    "name" : "Bonds Womens Socks No Show Trainers Size 2-8",
    "package_price" : "$2.33 / 1EA",
    "package_size" : "3pk",
    "price" : 7.0,
    "source" : "Woolies",
    "source_short" : "W",
    "stock_code" : "365139",
    "thumbnail_url" : "https://cdn0.woolworths.media/content/wowproductimages/medium/365139.jpg",
    "was_price" : 14.0
  },
  "W-365381-BondsWomensSocksLogoTrainerSize" : {
    "brand" : "bonds womens",
    "category" : "Household",
    "crawl_time" : 1.513115380040708E9,
    "end_promotion_date" : "12-12-2017",
    "id" : "W-365381-BondsWomensSocksLogoTrainerSize",
    "is_available" : true,
    "is_on_special" : true,
    "is_valid" : true,
    "key" : "13-12-2017/lists/all/W-365381-BondsWomensSocksLogoTrainerSize",
    "key_in_category_list" : "13-12-2017/lists/household/W-365381-BondsWomensSocksLogoTrainerSize",
    "likes" : 1,
    "name" : "Bonds Womens Socks Logo Trainer Size 2-8",
    "package_price" : "$2.33 / 1EA",
    "package_size" : "3pk",
    "price" : 7.0,
    "source" : "Woolies",
    "source_short" : "W",
    "stock_code" : "365381",
    "thumbnail_url" : "https://cdn0.woolworths.media/content/wowproductimages/medium/365381.jpg",
    "was_price" : 14.0
  },
  "W-368684-SchickShaveGelHydroSensitive" : {
    "brand" : "schick",
    "category" : "Health & Beauty",
    "crawl_time" : 1.513115636109849E9,
    "end_promotion_date" : "12-12-2017",
    "id" : "W-368684-SchickShaveGelHydroSensitive",
    "is_available" : true,
    "is_on_special" : true,
    "is_valid" : true,
    "key" : "13-12-2017/lists/all/W-368684-SchickShaveGelHydroSensitive",
    "key_in_category_list" : "13-12-2017/lists/beauty/W-368684-SchickShaveGelHydroSensitive",
    "likes" : 0,
    "name" : "Schick Shave Gel Hydro Sensitive",
    "package_price" : "$1.26 / 100G",
    "package_size" : "236g",
    "price" : 3.0,
    "source" : "Woolies",
    "source_short" : "W",
    "stock_code" : "368684",
    "thumbnail_url" : "https://cdn0.woolworths.media/content/wowproductimages/medium/368684.jpg",
    "was_price" : 6.0
  },
  "W-370990-BondsNoShowFootletsBlack" : {
    "brand" : "bonds",
    "category" : "Household",
    "crawl_time" : 1.513115761798872E9,
    "end_promotion_date" : "12-12-2017",
    "id" : "W-370990-BondsNoShowFootletsBlack",
    "is_available" : true,
    "is_on_special" : true,
    "is_valid" : true,
    "key" : "13-12-2017/lists/all/W-370990-BondsNoShowFootletsBlack",
    "key_in_category_list" : "13-12-2017/lists/household/W-370990-BondsNoShowFootletsBlack",
    "likes" : 0,
    "name" : "Bonds No Show Footlets Black  (3-8 & 8-11)",
    "package_price" : "$0.00 / 0",
    "package_size" : "each",
    "price" : 2.0,
    "source" : "Woolies",
    "source_short" : "W",
    "stock_code" : "370990",
    "thumbnail_url" : "https://cdn0.woolworths.media/content/wowproductimages/medium/370990.jpg",
    "was_price" : 4.0
  },
  "W-37250-GreenseasTunaChunkInSpringWater" : {
    "brand" : "greenseas",
    "category" : "Pantry",
    "crawl_time" : 1.513115837146818E9,
    "end_promotion_date" : "12-12-2017",
    "id" : "W-37250-GreenseasTunaChunkInSpringWater",
    "is_available" : true,
    "is_on_special" : true,
    "is_valid" : true,
    "key" : "13-12-2017/lists/all/W-37250-GreenseasTunaChunkInSpringWater",
    "key_in_category_list" : "13-12-2017/lists/pantry/W-37250-GreenseasTunaChunkInSpringWater",
    "likes" : 0,
    "name" : "Greenseas Tuna Chunk In Spring Water",
    "package_price" : "$10.53 / 1KG",
    "package_size" : "95g",
    "price" : 1.0,
    "source" : "Woolies",
    "source_short" : "W",
    "stock_code" : "37250",
    "thumbnail_url" : "https://cdn0.woolworths.media/content/wowproductimages/medium/037250.jpg",
    "was_price" : 2.0
  },
  "W-379198-SchwarzkopfExtraCareShampooUltimateRepair" : {
    "brand" : "schwarzkopf extra care",
    "category" : "Health & Beauty",
    "crawl_time" : 1.513115356836515E9,
    "end_promotion_date" : "12-12-2017",
    "id" : "W-379198-SchwarzkopfExtraCareShampooUltimateRepair",
    "is_available" : true,
    "is_on_special" : true,
    "is_valid" : true,
    "key" : "13-12-2017/lists/all/W-379198-SchwarzkopfExtraCareShampooUltimateRepair",
    "key_in_category_list" : "13-12-2017/lists/beauty/W-379198-SchwarzkopfExtraCareShampooUltimateRepair",
    "likes" : 0,
    "name" : "Schwarzkopf Extra Care Shampoo Ultimate Repair",
    "package_price" : "$0.86 / 100ML",
    "package_size" : "400ml",
    "price" : 3.44,
    "source" : "Woolies",
    "source_short" : "W",
    "stock_code" : "379198",
    "thumbnail_url" : "https://cdn0.woolworths.media/content/wowproductimages/medium/379198.jpg",
    "was_price" : 6.9
  },
  "W-379199-SchwarzkopfExtraCareConditionerUltimateRepair" : {
    "brand" : "schwarzkopf extra care",
    "category" : "Health & Beauty",
    "crawl_time" : 1.513115818804378E9,
    "end_promotion_date" : "12-12-2017",
    "id" : "W-379199-SchwarzkopfExtraCareConditionerUltimateRepair",
    "is_available" : true,
    "is_on_special" : true,
    "is_valid" : true,
    "key" : "13-12-2017/lists/all/W-379199-SchwarzkopfExtraCareConditionerUltimateRepair",
    "key_in_category_list" : "13-12-2017/lists/beauty/W-379199-SchwarzkopfExtraCareConditionerUltimateRepair",
    "likes" : 0,
    "name" : "Schwarzkopf Extra Care Conditioner Ultimate Repair",
    "package_price" : "$0.86 / 100ML",
    "package_size" : "400ml",
    "price" : 3.44,
    "source" : "Woolies",
    "source_short" : "W",
    "stock_code" : "379199",
    "thumbnail_url" : "https://cdn0.woolworths.media/content/wowproductimages/medium/379199.jpg",
    "was_price" : 6.9
  },
  "W-381643-OlayRegeneristWrinkleRevolutionAntiAgeingMicrosculpt" : {
    "brand" : "olay",
    "category" : "Health & Beauty",
    "crawl_time" : 1.513115456315489E9,
    "end_promotion_date" : "12-12-2017",
    "id" : "W-381643-OlayRegeneristWrinkleRevolutionAntiAgeingMicrosculpt",
    "is_available" : true,
    "is_on_special" : true,
    "is_valid" : true,
    "key" : "13-12-2017/lists/all/W-381643-OlayRegeneristWrinkleRevolutionAntiAgeingMicrosculpt",
    "key_in_category_list" : "13-12-2017/lists/beauty/W-381643-OlayRegeneristWrinkleRevolutionAntiAgeingMicrosculpt",
    "likes" : 0,
    "name" : "Olay Regenerist Wrinkle Revolution Anti Ageing Microsculpt",
    "package_price" : "$48.98 / 100ML",
    "package_size" : "50ml",
    "price" : 24.49,
    "source" : "Woolies",
    "source_short" : "W",
    "stock_code" : "381643",
    "thumbnail_url" : "https://cdn0.woolworths.media/content/wowproductimages/medium/381643.jpg",
    "was_price" : 48.99
  },
  "W-38351-BondsSingletMensChestyColouredSize" : {
    "brand" : "bonds",
    "category" : "Household",
    "crawl_time" : 1.513115335847166E9,
    "end_promotion_date" : "12-12-2017",
    "id" : "W-38351-BondsSingletMensChestyColouredSize",
    "is_available" : true,
    "is_on_special" : true,
    "is_valid" : true,
    "key" : "13-12-2017/lists/all/W-38351-BondsSingletMensChestyColouredSize",
    "key_in_category_list" : "13-12-2017/lists/household/W-38351-BondsSingletMensChestyColouredSize",
    "likes" : 0,
    "name" : "Bonds Singlet Mens Chesty Coloured Size 20",
    "package_price" : "$0.00 / 0",
    "package_size" : "1pk",
    "price" : 7.0,
    "source" : "Woolies",
    "source_short" : "W",
    "stock_code" : "38351",
    "thumbnail_url" : "https://cdn0.woolworths.media/content/wowproductimages/medium/038351.jpg",
    "was_price" : 14.0
  },
  "W-38373-BondsSingletMensChestyColouredSize" : {
    "brand" : "bonds",
    "category" : "Household",
    "crawl_time" : 1.513115847401308E9,
    "end_promotion_date" : "12-12-2017",
    "id" : "W-38373-BondsSingletMensChestyColouredSize",
    "is_available" : true,
    "is_on_special" : true,
    "is_valid" : true,
    "key" : "13-12-2017/lists/all/W-38373-BondsSingletMensChestyColouredSize",
    "key_in_category_list" : "13-12-2017/lists/household/W-38373-BondsSingletMensChestyColouredSize",
    "likes" : 0,
    "name" : "Bonds Singlet Mens Chesty Coloured Size 22",
    "package_price" : "$0.00 / 0",
    "package_size" : "1pk",
    "price" : 7.0,
    "source" : "Woolies",
    "source_short" : "W",
    "stock_code" : "38373",
    "thumbnail_url" : "https://cdn0.woolworths.media/content/wowproductimages/medium/038373.jpg",
    "was_price" : 14.0
  },
  "W-38403-BondsSingletMensChestyWhiteSize" : {
    "brand" : "bonds",
    "category" : "Household",
    "crawl_time" : 1.51311533242541E9,
    "end_promotion_date" : "12-12-2017",
    "id" : "W-38403-BondsSingletMensChestyWhiteSize",
    "is_available" : true,
    "is_on_special" : true,
    "is_valid" : true,
    "key" : "13-12-2017/lists/all/W-38403-BondsSingletMensChestyWhiteSize",
    "key_in_category_list" : "13-12-2017/lists/household/W-38403-BondsSingletMensChestyWhiteSize",
    "likes" : 0,
    "name" : "Bonds Singlet Mens Chesty White Size 16",
    "package_price" : "$0.00 / 0",
    "package_size" : "1pk",
    "price" : 7.0,
    "source" : "Woolies",
    "source_short" : "W",
    "stock_code" : "38403",
    "thumbnail_url" : "https://cdn0.woolworths.media/content/wowproductimages/medium/038403.jpg",
    "was_price" : 14.0
  },
  "W-38404-BondsSingletMensChestyWhiteSize" : {
    "brand" : "bonds",
    "category" : "Household",
    "crawl_time" : 1.513115289010924E9,
    "end_promotion_date" : "12-12-2017",
    "id" : "W-38404-BondsSingletMensChestyWhiteSize",
    "is_available" : true,
    "is_on_special" : true,
    "is_valid" : true,
    "key" : "13-12-2017/lists/all/W-38404-BondsSingletMensChestyWhiteSize",
    "key_in_category_list" : "13-12-2017/lists/household/W-38404-BondsSingletMensChestyWhiteSize",
    "likes" : 0,
    "name" : "Bonds Singlet Mens Chesty White Size 18",
    "package_price" : "$0.00 / 0",
    "package_size" : "1pk",
    "price" : 7.0,
    "source" : "Woolies",
    "source_short" : "W",
    "stock_code" : "38404",
    "thumbnail_url" : "https://cdn0.woolworths.media/content/wowproductimages/medium/038404.jpg",
    "was_price" : 14.0
  },
  "W-38423-BondsSingletMensChestyWhiteSize" : {
    "brand" : "bonds",
    "category" : "Household",
    "crawl_time" : 1.513115500786801E9,
    "end_promotion_date" : "12-12-2017",
    "id" : "W-38423-BondsSingletMensChestyWhiteSize",
    "is_available" : true,
    "is_on_special" : true,
    "is_valid" : true,
    "key" : "13-12-2017/lists/all/W-38423-BondsSingletMensChestyWhiteSize",
    "key_in_category_list" : "13-12-2017/lists/household/W-38423-BondsSingletMensChestyWhiteSize",
    "likes" : 0,
    "name" : "Bonds Singlet Mens Chesty White Size 20",
    "package_price" : "$0.00 / 0",
    "package_size" : "1pk",
    "price" : 7.0,
    "source" : "Woolies",
    "source_short" : "W",
    "stock_code" : "38423",
    "thumbnail_url" : "https://cdn0.woolworths.media/content/wowproductimages/medium/038423.jpg",
    "was_price" : 14.0
  },
  "W-384682-BondsKidsSocksLowcutSportSize" : {
    "brand" : "bonds kids",
    "category" : "Household",
    "crawl_time" : 1.513115482047402E9,
    "end_promotion_date" : "12-12-2017",
    "id" : "W-384682-BondsKidsSocksLowcutSportSize",
    "is_available" : true,
    "is_on_special" : true,
    "is_valid" : true,
    "key" : "13-12-2017/lists/all/W-384682-BondsKidsSocksLowcutSportSize",
    "key_in_category_list" : "13-12-2017/lists/household/W-384682-BondsKidsSocksLowcutSportSize",
    "likes" : 0,
    "name" : "Bonds Kids Socks Lowcut Sport Size 3-8",
    "package_price" : "$2.33 / 1EA",
    "package_size" : "3pk",
    "price" : 7.0,
    "source" : "Woolies",
    "source_short" : "W",
    "stock_code" : "384682",
    "thumbnail_url" : "https://cdn0.woolworths.media/content/wowproductimages/medium/384682.jpg",
    "was_price" : 14.0
  },
  "W-40975-BullaSplitsRaspberry" : {
    "brand" : "bulla",
    "category" : "Frozen",
    "crawl_time" : 1.513115261661345E9,
    "end_promotion_date" : "12-12-2017",
    "id" : "W-40975-BullaSplitsRaspberry",
    "is_available" : true,
    "is_on_special" : true,
    "is_valid" : true,
    "key" : "13-12-2017/lists/all/W-40975-BullaSplitsRaspberry",
    "key_in_category_list" : "13-12-2017/lists/frozen/W-40975-BullaSplitsRaspberry",
    "likes" : 2,
    "name" : "Bulla Splits Raspberry",
    "package_price" : "$0.45 / 100ML",
    "package_size" : "10pk 750ml",
    "price" : 3.4,
    "source" : "Woolies",
    "source_short" : "W",
    "stock_code" : "40975",
    "thumbnail_url" : "https://cdn0.woolworths.media/content/wowproductimages/medium/040975.jpg",
    "was_price" : 6.8
  },
  "W-41430-BullaChocBarsVanilla" : {
    "brand" : "bulla",
    "category" : "Frozen",
    "crawl_time" : 1.513115548361477E9,
    "end_promotion_date" : "12-12-2017",
    "id" : "W-41430-BullaChocBarsVanilla",
    "is_available" : true,
    "is_on_special" : true,
    "is_valid" : true,
    "key" : "13-12-2017/lists/all/W-41430-BullaChocBarsVanilla",
    "key_in_category_list" : "13-12-2017/lists/frozen/W-41430-BullaChocBarsVanilla",
    "likes" : 0,
    "name" : "Bulla Choc Bars Vanilla",
    "package_price" : "$0.44 / 100ML",
    "package_size" : "10pk 768ml",
    "price" : 3.4,
    "source" : "Woolies",
    "source_short" : "W",
    "stock_code" : "41430",
    "thumbnail_url" : "https://cdn0.woolworths.media/content/wowproductimages/medium/041430.jpg",
    "was_price" : 6.8
  },
  "W-415470-OptusgWifiModeme" : {
    "brand" : "optus",
    "category" : "Household",
    "crawl_time" : 1.513115519988996E9,
    "end_promotion_date" : "12-12-2017",
    "id" : "W-415470-OptusgWifiModeme",
    "is_available" : true,
    "is_on_special" : true,
    "is_valid" : true,
    "key" : "13-12-2017/lists/all/W-415470-OptusgWifiModeme",
    "key_in_category_list" : "13-12-2017/lists/household/W-415470-OptusgWifiModeme",
    "likes" : 0,
    "name" : "Optus 4g Wifi Modem (e5573)",
    "package_price" : "$0.00 / 0",
    "package_size" : "1ea",
    "price" : 29.5,
    "source" : "Woolies",
    "source_short" : "W",
    "stock_code" : "415470",
    "thumbnail_url" : "https://cdn0.woolworths.media/content/wowproductimages/medium/415470.jpg",
    "was_price" : 59.0
  },
  "W-421304-LindtExcellenceDarkChocolateRoastedHazelnut" : {
    "brand" : "lindt excellence",
    "category" : "Pantry",
    "crawl_time" : 1.513115266791308E9,
    "end_promotion_date" : "12-12-2017",
    "id" : "W-421304-LindtExcellenceDarkChocolateRoastedHazelnut",
    "is_available" : true,
    "is_on_special" : true,
    "is_valid" : true,
    "key" : "13-12-2017/lists/all/W-421304-LindtExcellenceDarkChocolateRoastedHazelnut",
    "key_in_category_list" : "13-12-2017/lists/pantry/W-421304-LindtExcellenceDarkChocolateRoastedHazelnut",
    "likes" : 0,
    "name" : "Lindt Excellence Dark Chocolate Roasted Hazelnut",
    "package_price" : "$2.12 / 100G",
    "package_size" : "100g block",
    "price" : 2.12,
    "source" : "Woolies",
    "source_short" : "W",
    "stock_code" : "421304",
    "thumbnail_url" : "https://cdn0.woolworths.media/content/wowproductimages/medium/421304.jpg",
    "was_price" : 4.25
  },
  "W-422524-RimmelLipstickTheOnlyOneBest" : {
    "brand" : "rimmel",
    "category" : "Health & Beauty",
    "crawl_time" : 1.513115693637028E9,
    "end_promotion_date" : "12-12-2017",
    "id" : "W-422524-RimmelLipstickTheOnlyOneBest",
    "is_available" : true,
    "is_on_special" : true,
    "is_valid" : true,
    "key" : "13-12-2017/lists/all/W-422524-RimmelLipstickTheOnlyOneBest",
    "key_in_category_list" : "13-12-2017/lists/beauty/W-422524-RimmelLipstickTheOnlyOneBest",
    "likes" : 0,
    "name" : "Rimmel Lipstick The Only One Best",
    "package_price" : "$23.38 / 10G",
    "package_size" : "3.4g",
    "price" : 7.95,
    "source" : "Woolies",
    "source_short" : "W",
    "stock_code" : "422524",
    "thumbnail_url" : "https://cdn0.woolworths.media/content/wowproductimages/medium/422524.jpg",
    "was_price" : 15.95
  },
  "W-425288-BiozetAttackFrontTopLoaderRegularLaundryLiquid" : {
    "brand" : "biozet attack",
    "category" : "Household",
    "crawl_time" : 1.513106936331617E9,
    "end_promotion_date" : "12-12-2017",
    "id" : "W-425288-BiozetAttackFrontTopLoaderRegularLaundryLiquid",
    "is_available" : true,
    "is_on_special" : true,
    "is_valid" : true,
    "key" : "13-12-2017/lists/all/W-425288-BiozetAttackFrontTopLoaderRegularLaundryLiquid",
    "key_in_category_list" : "13-12-2017/lists/household/W-425288-BiozetAttackFrontTopLoaderRegularLaundryLiquid",
    "likes" : 0,
    "name" : "Biozet Attack Front & Top Loader Regular Laundry Liquid",
    "package_price" : "$5.00 / 1L",
    "package_size" : "2l",
    "price" : 9.99,
    "source" : "Woolies",
    "source_short" : "W",
    "stock_code" : "425288",
    "thumbnail_url" : "https://cdn0.woolworths.media/content/wowproductimages/medium/425288.jpg",
    "was_price" : 19.99
  },
  "W-429457-LindtExcellenceMildDarkChocolateCocoaSmoothBlend" : {
    "brand" : "lindt excellence",
    "category" : "Pantry",
    "crawl_time" : 1.513115594532985E9,
    "end_promotion_date" : "12-12-2017",
    "id" : "W-429457-LindtExcellenceMildDarkChocolateCocoaSmoothBlend",
    "is_available" : true,
    "is_on_special" : true,
    "is_valid" : true,
    "key" : "13-12-2017/lists/all/W-429457-LindtExcellenceMildDarkChocolateCocoaSmoothBlend",
    "key_in_category_list" : "13-12-2017/lists/pantry/W-429457-LindtExcellenceMildDarkChocolateCocoaSmoothBlend",
    "likes" : 1,
    "name" : "Lindt Excellence Mild Dark Chocolate 70% Cocoa Smooth Blend",
    "package_price" : "$2.12 / 100G",
    "package_size" : "100g block",
    "price" : 2.12,
    "source" : "Woolies",
    "source_short" : "W",
    "stock_code" : "429457",
    "thumbnail_url" : "https://cdn0.woolworths.media/content/wowproductimages/medium/429457.jpg",
    "was_price" : 4.25
  },
  "W-430557-BarbieBeachDoll" : {
    "brand" : "barbie",
    "category" : "Household",
    "crawl_time" : 1.513115762962292E9,
    "end_promotion_date" : "12-12-2017",
    "id" : "W-430557-BarbieBeachDoll",
    "is_available" : true,
    "is_on_special" : true,
    "is_valid" : true,
    "key" : "13-12-2017/lists/all/W-430557-BarbieBeachDoll",
    "key_in_category_list" : "13-12-2017/lists/household/W-430557-BarbieBeachDoll",
    "likes" : 1,
    "name" : "Barbie Beach Doll",
    "package_price" : "$0.00 / 0",
    "package_size" : "1ea",
    "price" : 5.0,
    "source" : "Woolies",
    "source_short" : "W",
    "stock_code" : "430557",
    "thumbnail_url" : "https://cdn0.woolworths.media/content/wowproductimages/medium/430557.jpg",
    "was_price" : 10.0
  },
  "W-431171-BiozetAttackFrontTopLoaderLaundryPowder" : {
    "brand" : "biozet attack",
    "category" : "Household",
    "crawl_time" : 1.513115423514672E9,
    "end_promotion_date" : "12-12-2017",
    "id" : "W-431171-BiozetAttackFrontTopLoaderLaundryPowder",
    "is_available" : true,
    "is_on_special" : true,
    "is_valid" : true,
    "key" : "13-12-2017/lists/all/W-431171-BiozetAttackFrontTopLoaderLaundryPowder",
    "key_in_category_list" : "13-12-2017/lists/household/W-431171-BiozetAttackFrontTopLoaderLaundryPowder",
    "likes" : 1,
    "name" : "Biozet Attack Front & Top Loader Laundry Powder",
    "package_price" : "$5.00 / 1KG",
    "package_size" : "2kg",
    "price" : 9.99,
    "source" : "Woolies",
    "source_short" : "W",
    "stock_code" : "431171",
    "thumbnail_url" : "https://cdn0.woolworths.media/content/wowproductimages/medium/431171.jpg",
    "was_price" : 19.99
  },
  "W-432610-SchollVelvetWetDryElectronicFootFile" : {
    "brand" : "scholl velvet",
    "category" : "Health & Beauty",
    "crawl_time" : 1.513115675233024E9,
    "end_promotion_date" : "12-12-2017",
    "id" : "W-432610-SchollVelvetWetDryElectronicFootFile",
    "is_available" : true,
    "is_on_special" : true,
    "is_valid" : true,
    "key" : "13-12-2017/lists/all/W-432610-SchollVelvetWetDryElectronicFootFile",
    "key_in_category_list" : "13-12-2017/lists/beauty/W-432610-SchollVelvetWetDryElectronicFootFile",
    "likes" : 0,
    "name" : "Scholl Velvet Wet & Dry Electronic Foot File",
    "package_price" : "$45.00 / 1EA",
    "package_size" : "each",
    "price" : 45.0,
    "source" : "Woolies",
    "source_short" : "W",
    "stock_code" : "432610",
    "thumbnail_url" : "https://cdn0.woolworths.media/content/wowproductimages/medium/432610.jpg",
    "was_price" : 90.0
  },
  "W-433953-BullaIceCreamFairyBread" : {
    "brand" : "bulla",
    "category" : "Frozen",
    "crawl_time" : 1.513115764082086E9,
    "end_promotion_date" : "12-12-2017",
    "id" : "W-433953-BullaIceCreamFairyBread",
    "is_available" : true,
    "is_on_special" : true,
    "is_valid" : true,
    "key" : "13-12-2017/lists/all/W-433953-BullaIceCreamFairyBread",
    "key_in_category_list" : "13-12-2017/lists/frozen/W-433953-BullaIceCreamFairyBread",
    "likes" : 0,
    "name" : "Bulla Ice Cream Fairy Bread",
    "package_price" : "$0.67 / 100ML",
    "package_size" : "6pk 510ml",
    "price" : 3.4,
    "source" : "Woolies",
    "source_short" : "W",
    "stock_code" : "433953",
    "thumbnail_url" : "https://cdn0.woolworths.media/content/wowproductimages/medium/433953.jpg",
    "was_price" : 6.8
  },
  "W-433954-BullaIceCreamCookiesCream" : {
    "brand" : "bulla",
    "category" : "Frozen",
    "crawl_time" : 1.513115521256487E9,
    "end_promotion_date" : "12-12-2017",
    "id" : "W-433954-BullaIceCreamCookiesCream",
    "is_available" : true,
    "is_on_special" : true,
    "is_valid" : true,
    "key" : "13-12-2017/lists/all/W-433954-BullaIceCreamCookiesCream",
    "key_in_category_list" : "13-12-2017/lists/frozen/W-433954-BullaIceCreamCookiesCream",
    "likes" : 0,
    "name" : "Bulla Ice Cream Cookies & Cream",
    "package_price" : "$0.63 / 100ML",
    "package_size" : "6pk 540ml",
    "price" : 3.4,
    "source" : "Woolies",
    "source_short" : "W",
    "stock_code" : "433954",
    "thumbnail_url" : "https://cdn0.woolworths.media/content/wowproductimages/medium/433954.jpg",
    "was_price" : 6.8
  },
  "W-43467-SistemaClearStorageml" : {
    "brand" : "sistema",
    "category" : "Household",
    "crawl_time" : 1.513115357998756E9,
    "end_promotion_date" : "12-12-2017",
    "id" : "W-43467-SistemaClearStorageml",
    "is_available" : true,
    "is_on_special" : true,
    "is_valid" : true,
    "key" : "13-12-2017/lists/all/W-43467-SistemaClearStorageml",
    "key_in_category_list" : "13-12-2017/lists/household/W-43467-SistemaClearStorageml",
    "likes" : 2,
    "name" : "Sistema Clear Storage 810ml",
    "package_price" : "$0.00 / 0",
    "package_size" : "each",
    "price" : 2.0,
    "source" : "Woolies",
    "source_short" : "W",
    "stock_code" : "43467",
    "thumbnail_url" : "https://cdn0.woolworths.media/content/wowproductimages/medium/043467.jpg",
    "was_price" : 4.0
  },
  "W-43495-SistemaStorageWithTrayl" : {
    "brand" : "sistema",
    "category" : "Household",
    "crawl_time" : 1.513115687612438E9,
    "end_promotion_date" : "12-12-2017",
    "id" : "W-43495-SistemaStorageWithTrayl",
    "is_available" : true,
    "is_on_special" : true,
    "is_valid" : true,
    "key" : "13-12-2017/lists/all/W-43495-SistemaStorageWithTrayl",
    "key_in_category_list" : "13-12-2017/lists/household/W-43495-SistemaStorageWithTrayl",
    "likes" : 4,
    "name" : "Sistema Storage With Tray 1.7l",
    "package_price" : "$0.00 / 0",
    "package_size" : "each",
    "price" : 2.5,
    "source" : "Woolies",
    "source_short" : "W",
    "stock_code" : "43495",
    "thumbnail_url" : "https://cdn0.woolworths.media/content/wowproductimages/medium/043495.jpg",
    "was_price" : 5.0
  },
  "W-43497-SistemaStorageWithTrayl" : {
    "brand" : "sistema",
    "category" : "Household",
    "crawl_time" : 1.513115502097083E9,
    "end_promotion_date" : "12-12-2017",
    "id" : "W-43497-SistemaStorageWithTrayl",
    "is_available" : true,
    "is_on_special" : true,
    "is_valid" : true,
    "key" : "13-12-2017/lists/all/W-43497-SistemaStorageWithTrayl",
    "key_in_category_list" : "13-12-2017/lists/household/W-43497-SistemaStorageWithTrayl",
    "likes" : 13,
    "name" : "Sistema Storage With Tray 3.58l",
    "package_price" : "$0.00 / 0",
    "package_size" : "each",
    "price" : 3.5,
    "source" : "Woolies",
    "source_short" : "W",
    "stock_code" : "43497",
    "thumbnail_url" : "https://cdn0.woolworths.media/content/wowproductimages/medium/043497.jpg",
    "was_price" : 7.0
  },
  "W-43498-SistemaStorageWithTrayl" : {
    "brand" : "sistema",
    "category" : "Household",
    "crawl_time" : 1.513115714169068E9,
    "end_promotion_date" : "12-12-2017",
    "id" : "W-43498-SistemaStorageWithTrayl",
    "is_available" : true,
    "is_on_special" : true,
    "is_valid" : true,
    "key" : "13-12-2017/lists/all/W-43498-SistemaStorageWithTrayl",
    "key_in_category_list" : "13-12-2017/lists/household/W-43498-SistemaStorageWithTrayl",
    "likes" : 5,
    "name" : "Sistema Storage With Tray 3.86l",
    "package_price" : "$0.00 / 0",
    "package_size" : "each",
    "price" : 4.0,
    "source" : "Woolies",
    "source_short" : "W",
    "stock_code" : "43498",
    "thumbnail_url" : "https://cdn0.woolworths.media/content/wowproductimages/medium/043498.jpg",
    "was_price" : 8.0
  },
  "W-43499-SistemaStorageWithTrayl" : {
    "brand" : "sistema",
    "category" : "Household",
    "crawl_time" : 1.513115359164444E9,
    "end_promotion_date" : "12-12-2017",
    "id" : "W-43499-SistemaStorageWithTrayl",
    "is_available" : true,
    "is_on_special" : true,
    "is_valid" : true,
    "key" : "13-12-2017/lists/all/W-43499-SistemaStorageWithTrayl",
    "key_in_category_list" : "13-12-2017/lists/household/W-43499-SistemaStorageWithTrayl",
    "likes" : 7,
    "name" : "Sistema Storage With Tray 7.9l",
    "package_price" : "$0.00 / 0",
    "package_size" : "each",
    "price" : 5.0,
    "source" : "Woolies",
    "source_short" : "W",
    "stock_code" : "43499",
    "thumbnail_url" : "https://cdn0.woolworths.media/content/wowproductimages/medium/043499.jpg",
    "was_price" : 10.0
  },
  "W-436045-SchickHydroRazorKit" : {
    "brand" : "schick hydro",
    "category" : "Health & Beauty",
    "crawl_time" : 1.513115311548957E9,
    "end_promotion_date" : "12-12-2017",
    "id" : "W-436045-SchickHydroRazorKit",
    "is_available" : true,
    "is_on_special" : true,
    "is_valid" : true,
    "key" : "13-12-2017/lists/all/W-436045-SchickHydroRazorKit",
    "key_in_category_list" : "13-12-2017/lists/beauty/W-436045-SchickHydroRazorKit",
    "likes" : 0,
    "name" : "Schick Hydro Razor 5 Kit",
    "package_price" : "$6.50 / 1EA",
    "package_size" : "each",
    "price" : 6.5,
    "source" : "Woolies",
    "source_short" : "W",
    "stock_code" : "436045",
    "thumbnail_url" : "https://cdn0.woolworths.media/content/wowproductimages/medium/436045.jpg",
    "was_price" : 13.0
  },
  "W-436473-SchickHydroRazorGroomerKit" : {
    "brand" : "schick hydro",
    "category" : "Health & Beauty",
    "crawl_time" : 1.513115822877535E9,
    "end_promotion_date" : "12-12-2017",
    "id" : "W-436473-SchickHydroRazorGroomerKit",
    "is_available" : true,
    "is_on_special" : true,
    "is_valid" : true,
    "key" : "13-12-2017/lists/all/W-436473-SchickHydroRazorGroomerKit",
    "key_in_category_list" : "13-12-2017/lists/beauty/W-436473-SchickHydroRazorGroomerKit",
    "likes" : 0,
    "name" : "Schick Hydro Razor Groomer Kit",
    "package_price" : "$11.50 / 1EA",
    "package_size" : "each",
    "price" : 11.5,
    "source" : "Woolies",
    "source_short" : "W",
    "stock_code" : "436473",
    "thumbnail_url" : "https://cdn0.woolworths.media/content/wowproductimages/medium/436473.jpg",
    "was_price" : 23.0
  },
  "W-43816-NestlePlaistoweDarkCookingChocolate" : {
    "brand" : "nestle plaistowe dark",
    "category" : "Pantry",
    "crawl_time" : 1.513115598133242E9,
    "end_promotion_date" : "12-12-2017",
    "id" : "W-43816-NestlePlaistoweDarkCookingChocolate",
    "is_available" : true,
    "is_on_special" : true,
    "is_valid" : true,
    "key" : "13-12-2017/lists/all/W-43816-NestlePlaistoweDarkCookingChocolate",
    "key_in_category_list" : "13-12-2017/lists/pantry/W-43816-NestlePlaistoweDarkCookingChocolate",
    "likes" : 0,
    "name" : "Nestle Plaistowe Dark Cooking Chocolate ",
    "package_price" : "$1.00 / 100G",
    "package_size" : "200g",
    "price" : 2.0,
    "source" : "Woolies",
    "source_short" : "W",
    "stock_code" : "43816",
    "thumbnail_url" : "https://cdn0.woolworths.media/content/wowproductimages/medium/043816.jpg",
    "was_price" : 4.0
  },
  "W-442566-OptusZteBladegWhite" : {
    "brand" : "optus",
    "category" : "Household",
    "crawl_time" : 1.513115853971905E9,
    "end_promotion_date" : "12-12-2017",
    "id" : "W-442566-OptusZteBladegWhite",
    "is_available" : true,
    "is_on_special" : true,
    "is_valid" : true,
    "key" : "13-12-2017/lists/all/W-442566-OptusZteBladegWhite",
    "key_in_category_list" : "13-12-2017/lists/household/W-442566-OptusZteBladegWhite",
    "likes" : 1,
    "name" : "Optus Zte Blade 4g White",
    "package_price" : "$0.00 / 0",
    "package_size" : "each",
    "price" : 49.5,
    "source" : "Woolies",
    "source_short" : "W",
    "stock_code" : "442566",
    "thumbnail_url" : "https://cdn0.woolworths.media/content/wowproductimages/medium/442566.jpg",
    "was_price" : 99.0
  },
  "W-456578-OceanSprayCraisinsReducedSugar" : {
    "brand" : "ocean spray",
    "category" : "Pantry",
    "crawl_time" : 1.513115873497829E9,
    "end_promotion_date" : "12-12-2017",
    "id" : "W-456578-OceanSprayCraisinsReducedSugar",
    "is_available" : true,
    "is_on_special" : true,
    "is_valid" : true,
    "key" : "13-12-2017/lists/all/W-456578-OceanSprayCraisinsReducedSugar",
    "key_in_category_list" : "13-12-2017/lists/pantry/W-456578-OceanSprayCraisinsReducedSugar",
    "likes" : 1,
    "name" : "Ocean Spray Craisins Reduced Sugar",
    "package_price" : "$13.33 / 1KG",
    "package_size" : "150g",
    "price" : 2.0,
    "source" : "Woolies",
    "source_short" : "W",
    "stock_code" : "456578",
    "thumbnail_url" : "https://cdn0.woolworths.media/content/wowproductimages/medium/456578.jpg",
    "was_price" : 4.0
  },
  "W-45959-PrimoChorizo" : {
    "brand" : "primo",
    "category" : "Pantry",
    "crawl_time" : 1.513115360395403E9,
    "end_promotion_date" : "12-12-2017",
    "id" : "W-45959-PrimoChorizo",
    "is_available" : true,
    "is_on_special" : true,
    "is_valid" : true,
    "key" : "13-12-2017/lists/all/W-45959-PrimoChorizo",
    "key_in_category_list" : "13-12-2017/lists/pantry/W-45959-PrimoChorizo",
    "likes" : 5,
    "name" : "Primo Chorizo ",
    "package_price" : "$11.50 / 1KG",
    "package_size" : "per kg",
    "price" : 11.5,
    "source" : "Woolies",
    "source_short" : "W",
    "stock_code" : "45959",
    "thumbnail_url" : "https://cdn0.woolworths.media/content/wowproductimages/medium/045959.jpg",
    "was_price" : 23.0
  },
  "W-46223-LindtLindorChocolateBlockWhite" : {
    "brand" : "lindt lindor",
    "category" : "Pantry",
    "crawl_time" : 1.513115624888863E9,
    "end_promotion_date" : "12-12-2017",
    "id" : "W-46223-LindtLindorChocolateBlockWhite",
    "is_available" : true,
    "is_on_special" : true,
    "is_valid" : true,
    "key" : "13-12-2017/lists/all/W-46223-LindtLindorChocolateBlockWhite",
    "key_in_category_list" : "13-12-2017/lists/pantry/W-46223-LindtLindorChocolateBlockWhite",
    "likes" : 3,
    "name" : "Lindt Lindor Chocolate Block White",
    "package_price" : "$2.12 / 100G",
    "package_size" : "100g block",
    "price" : 2.12,
    "source" : "Woolies",
    "source_short" : "W",
    "stock_code" : "46223",
    "thumbnail_url" : "https://cdn0.woolworths.media/content/wowproductimages/medium/046223.jpg",
    "was_price" : 4.25
  },
  "W-468984-TobleroneMilkChocolate" : {
    "brand" : "toblerone",
    "category" : "Pantry",
    "crawl_time" : 1.513115270099198E9,
    "end_promotion_date" : "12-12-2017",
    "id" : "W-468984-TobleroneMilkChocolate",
    "is_available" : true,
    "is_on_special" : true,
    "is_valid" : true,
    "key" : "13-12-2017/lists/all/W-468984-TobleroneMilkChocolate",
    "key_in_category_list" : "13-12-2017/lists/pantry/W-468984-TobleroneMilkChocolate",
    "likes" : 0,
    "name" : "Toblerone Milk Chocolate ",
    "package_price" : "$1.39 / 100G",
    "package_size" : "360g bar",
    "price" : 5.0,
    "source" : "Woolies",
    "source_short" : "W",
    "stock_code" : "468984",
    "thumbnail_url" : "https://cdn0.woolworths.media/content/wowproductimages/medium/468984.jpg",
    "was_price" : 10.0
  },
  "W-471954-TyrrellsChipsCheddarChives" : {
    "brand" : "tyrrells",
    "category" : "Pantry",
    "crawl_time" : 1.513115611683527E9,
    "end_promotion_date" : "12-12-2017",
    "id" : "W-471954-TyrrellsChipsCheddarChives",
    "is_available" : true,
    "is_on_special" : true,
    "is_valid" : true,
    "key" : "13-12-2017/lists/all/W-471954-TyrrellsChipsCheddarChives",
    "key_in_category_list" : "13-12-2017/lists/pantry/W-471954-TyrrellsChipsCheddarChives",
    "likes" : 0,
    "name" : "Tyrrells Chips Cheddar & Chives",
    "package_price" : "$1.36 / 100G",
    "package_size" : "165g bag",
    "price" : 2.24,
    "source" : "Woolies",
    "source_short" : "W",
    "stock_code" : "471954",
    "thumbnail_url" : "https://cdn0.woolworths.media/content/wowproductimages/medium/471954.jpg",
    "was_price" : 4.49
  },
  "W-471968-TyrrellsChipsLightlySalted" : {
    "brand" : "tyrrells",
    "category" : "Pantry",
    "crawl_time" : 1.513115806907651E9,
    "end_promotion_date" : "12-12-2017",
    "id" : "W-471968-TyrrellsChipsLightlySalted",
    "is_available" : true,
    "is_on_special" : true,
    "is_valid" : true,
    "key" : "13-12-2017/lists/all/W-471968-TyrrellsChipsLightlySalted",
    "key_in_category_list" : "13-12-2017/lists/pantry/W-471968-TyrrellsChipsLightlySalted",
    "likes" : 1,
    "name" : "Tyrrells Chips Lightly Salted",
    "package_price" : "$1.36 / 100G",
    "package_size" : "165g bag",
    "price" : 2.24,
    "source" : "Woolies",
    "source_short" : "W",
    "stock_code" : "471968",
    "thumbnail_url" : "https://cdn0.woolworths.media/content/wowproductimages/medium/471968.jpg",
    "was_price" : 4.49
  },
  "W-4722-OlayMoisturisingLotionForSensitiveSkin" : {
    "brand" : "olay",
    "category" : "Pantry",
    "crawl_time" : 1.513115298643154E9,
    "end_promotion_date" : "12-12-2017",
    "id" : "W-4722-OlayMoisturisingLotionForSensitiveSkin",
    "is_available" : true,
    "is_on_special" : true,
    "is_valid" : true,
    "key" : "13-12-2017/lists/all/W-4722-OlayMoisturisingLotionForSensitiveSkin",
    "key_in_category_list" : "13-12-2017/lists/pantry/W-4722-OlayMoisturisingLotionForSensitiveSkin",
    "likes" : 3,
    "name" : "Olay Moisturising Lotion For Sensitive Skin",
    "package_price" : "$4.33 / 100ML",
    "package_size" : "150ml",
    "price" : 6.5,
    "source" : "Woolies",
    "source_short" : "W",
    "stock_code" : "4722",
    "thumbnail_url" : "https://cdn0.woolworths.media/content/wowproductimages/medium/004722.jpg",
    "was_price" : 13.0
  },
  "W-4752-OlayMoisturisingCreamSensitiveSkin" : {
    "brand" : "olay",
    "category" : "Pantry",
    "crawl_time" : 1.513115591979639E9,
    "end_promotion_date" : "12-12-2017",
    "id" : "W-4752-OlayMoisturisingCreamSensitiveSkin",
    "is_available" : true,
    "is_on_special" : true,
    "is_valid" : true,
    "key" : "13-12-2017/lists/all/W-4752-OlayMoisturisingCreamSensitiveSkin",
    "key_in_category_list" : "13-12-2017/lists/pantry/W-4752-OlayMoisturisingCreamSensitiveSkin",
    "likes" : 0,
    "name" : "Olay Moisturising Cream Sensitive Skin",
    "package_price" : "$6.50 / 100G",
    "package_size" : "100g",
    "price" : 6.5,
    "source" : "Woolies",
    "source_short" : "W",
    "stock_code" : "4752",
    "thumbnail_url" : "https://cdn0.woolworths.media/content/wowproductimages/medium/004752.jpg",
    "was_price" : 13.0
  },
  "W-482620-OptusgZteZip" : {
    "brand" : "optus",
    "category" : "Household",
    "crawl_time" : 1.513115460898139E9,
    "end_promotion_date" : "12-12-2017",
    "id" : "W-482620-OptusgZteZip",
    "is_available" : true,
    "is_on_special" : true,
    "is_valid" : true,
    "key" : "13-12-2017/lists/all/W-482620-OptusgZteZip",
    "key_in_category_list" : "13-12-2017/lists/household/W-482620-OptusgZteZip",
    "likes" : 0,
    "name" : "Optus 4g Zte Zip",
    "package_price" : "$0.00 / 0",
    "package_size" : "1ea",
    "price" : 39.5,
    "source" : "Woolies",
    "source_short" : "W",
    "stock_code" : "482620",
    "thumbnail_url" : "https://cdn0.woolworths.media/content/wowproductimages/medium/482620.jpg",
    "was_price" : 79.0
  },
  "W-489888-NestleBakersChoiceDarkChocMelts" : {
    "brand" : "nestle bakers' choice",
    "category" : "Pantry",
    "crawl_time" : 1.513115574965977E9,
    "end_promotion_date" : "12-12-2017",
    "id" : "W-489888-NestleBakersChoiceDarkChocMelts",
    "is_available" : true,
    "is_on_special" : true,
    "is_valid" : true,
    "key" : "13-12-2017/lists/all/W-489888-NestleBakersChoiceDarkChocMelts",
    "key_in_category_list" : "13-12-2017/lists/pantry/W-489888-NestleBakersChoiceDarkChocMelts",
    "likes" : 0,
    "name" : "Nestle Bakers' Choice Dark Choc Melts ",
    "package_price" : "$0.66 / 100G",
    "package_size" : "290g",
    "price" : 1.92,
    "source" : "Woolies",
    "source_short" : "W",
    "stock_code" : "489888",
    "thumbnail_url" : "https://cdn0.woolworths.media/content/wowproductimages/medium/489888.jpg",
    "was_price" : 3.85
  },
  "W-490001-NestleBakersChoiceMilkChocMelts" : {
    "brand" : "nestle bakers' choice",
    "category" : "Pantry",
    "crawl_time" : 1.5131156019061E9,
    "end_promotion_date" : "12-12-2017",
    "id" : "W-490001-NestleBakersChoiceMilkChocMelts",
    "is_available" : true,
    "is_on_special" : true,
    "is_valid" : true,
    "key" : "13-12-2017/lists/all/W-490001-NestleBakersChoiceMilkChocMelts",
    "key_in_category_list" : "13-12-2017/lists/pantry/W-490001-NestleBakersChoiceMilkChocMelts",
    "likes" : 0,
    "name" : "Nestle Bakers' Choice Milk Choc Melts ",
    "package_price" : "$0.66 / 100G",
    "package_size" : "290g",
    "price" : 1.92,
    "source" : "Woolies",
    "source_short" : "W",
    "stock_code" : "490001",
    "thumbnail_url" : "https://cdn0.woolworths.media/content/wowproductimages/medium/490001.jpg",
    "was_price" : 3.85
  },
  "W-490008-NestleBakersChoiceDarkChocBits" : {
    "brand" : "nestle bakers' choice",
    "category" : "Pantry",
    "crawl_time" : 1.513115522381489E9,
    "end_promotion_date" : "12-12-2017",
    "id" : "W-490008-NestleBakersChoiceDarkChocBits",
    "is_available" : true,
    "is_on_special" : true,
    "is_valid" : true,
    "key" : "13-12-2017/lists/all/W-490008-NestleBakersChoiceDarkChocBits",
    "key_in_category_list" : "13-12-2017/lists/pantry/W-490008-NestleBakersChoiceDarkChocBits",
    "likes" : 0,
    "name" : "Nestle Bakers' Choice Dark Choc Bits ",
    "package_price" : "$1.00 / 100G",
    "package_size" : "200g",
    "price" : 2.0,
    "source" : "Woolies",
    "source_short" : "W",
    "stock_code" : "490008",
    "thumbnail_url" : "https://cdn0.woolworths.media/content/wowproductimages/medium/490008.jpg",
    "was_price" : 4.0
  },
  "W-490010-NestleBakersChoiceWhiteChocMelts" : {
    "brand" : "nestle bakers' choice",
    "category" : "Pantry",
    "crawl_time" : 1.513115342302906E9,
    "end_promotion_date" : "12-12-2017",
    "id" : "W-490010-NestleBakersChoiceWhiteChocMelts",
    "is_available" : true,
    "is_on_special" : true,
    "is_valid" : true,
    "key" : "13-12-2017/lists/all/W-490010-NestleBakersChoiceWhiteChocMelts",
    "key_in_category_list" : "13-12-2017/lists/pantry/W-490010-NestleBakersChoiceWhiteChocMelts",
    "likes" : 3,
    "name" : "Nestle Bakers' Choice White Choc Melts ",
    "package_price" : "$0.66 / 100G",
    "package_size" : "290g",
    "price" : 1.92,
    "source" : "Woolies",
    "source_short" : "W",
    "stock_code" : "490010",
    "thumbnail_url" : "https://cdn0.woolworths.media/content/wowproductimages/medium/490010.jpg",
    "was_price" : 3.85
  },
  "W-490082-NestleBakersChoiceMilkChocBits" : {
    "brand" : "nestle bakers' choice",
    "category" : "Pantry",
    "crawl_time" : 1.51311563733488E9,
    "end_promotion_date" : "12-12-2017",
    "id" : "W-490082-NestleBakersChoiceMilkChocBits",
    "is_available" : true,
    "is_on_special" : true,
    "is_valid" : true,
    "key" : "13-12-2017/lists/all/W-490082-NestleBakersChoiceMilkChocBits",
    "key_in_category_list" : "13-12-2017/lists/pantry/W-490082-NestleBakersChoiceMilkChocBits",
    "likes" : 2,
    "name" : "Nestle Bakers' Choice Milk Choc Bits ",
    "package_price" : "$1.00 / 100G",
    "package_size" : "200g",
    "price" : 2.0,
    "source" : "Woolies",
    "source_short" : "W",
    "stock_code" : "490082",
    "thumbnail_url" : "https://cdn0.woolworths.media/content/wowproductimages/medium/490082.jpg",
    "was_price" : 4.0
  },
  "W-490083-NestleBakersChoiceWhiteChocBits" : {
    "brand" : "nestle bakers' choice",
    "category" : "Pantry",
    "crawl_time" : 1.513115343629162E9,
    "end_promotion_date" : "12-12-2017",
    "id" : "W-490083-NestleBakersChoiceWhiteChocBits",
    "is_available" : true,
    "is_on_special" : true,
    "is_valid" : true,
    "key" : "13-12-2017/lists/all/W-490083-NestleBakersChoiceWhiteChocBits",
    "key_in_category_list" : "13-12-2017/lists/pantry/W-490083-NestleBakersChoiceWhiteChocBits",
    "likes" : 1,
    "name" : "Nestle Bakers' Choice White Choc Bits ",
    "package_price" : "$1.00 / 100G",
    "package_size" : "200g",
    "price" : 2.0,
    "source" : "Woolies",
    "source_short" : "W",
    "stock_code" : "490083",
    "thumbnail_url" : "https://cdn0.woolworths.media/content/wowproductimages/medium/490083.jpg",
    "was_price" : 4.0
  },
  "W-491645-DecorMicrosafeEasySteamEggPoacher" : {
    "brand" : "decor microsafe",
    "category" : "Household",
    "crawl_time" : 1.513115470268702E9,
    "end_promotion_date" : "12-12-2017",
    "id" : "W-491645-DecorMicrosafeEasySteamEggPoacher",
    "is_available" : true,
    "is_on_special" : true,
    "is_valid" : true,
    "key" : "13-12-2017/lists/all/W-491645-DecorMicrosafeEasySteamEggPoacher",
    "key_in_category_list" : "13-12-2017/lists/household/W-491645-DecorMicrosafeEasySteamEggPoacher",
    "likes" : 1,
    "name" : "Decor Microsafe Easy Steam Egg Poacher ",
    "package_price" : "$7.49 / 1EA",
    "package_size" : "each",
    "price" : 7.49,
    "source" : "Woolies",
    "source_short" : "W",
    "stock_code" : "491645",
    "thumbnail_url" : "https://cdn0.woolworths.media/content/wowproductimages/medium/491645.jpg",
    "was_price" : 14.99
  },
  "W-491672-DecorMicrosafeEasyBaconCooker" : {
    "brand" : "decor microsafe",
    "category" : "Household",
    "crawl_time" : 1.513115364210353E9,
    "end_promotion_date" : "12-12-2017",
    "id" : "W-491672-DecorMicrosafeEasyBaconCooker",
    "is_available" : true,
    "is_on_special" : true,
    "is_valid" : true,
    "key" : "13-12-2017/lists/all/W-491672-DecorMicrosafeEasyBaconCooker",
    "key_in_category_list" : "13-12-2017/lists/household/W-491672-DecorMicrosafeEasyBaconCooker",
    "likes" : 3,
    "name" : "Decor Microsafe Easy Bacon Cooker ",
    "package_price" : "$5.99 / 1EA",
    "package_size" : "each",
    "price" : 5.99,
    "source" : "Woolies",
    "source_short" : "W",
    "stock_code" : "491672",
    "thumbnail_url" : "https://cdn0.woolworths.media/content/wowproductimages/medium/491672.jpg",
    "was_price" : 11.99
  },
  "W-499909-VeetSensitivePrecisionBeautyStylerHairTrimmer" : {
    "brand" : "veet",
    "category" : "Health & Beauty",
    "crawl_time" : 1.513115523650731E9,
    "end_promotion_date" : "12-12-2017",
    "id" : "W-499909-VeetSensitivePrecisionBeautyStylerHairTrimmer",
    "is_available" : true,
    "is_on_special" : true,
    "is_valid" : true,
    "key" : "13-12-2017/lists/all/W-499909-VeetSensitivePrecisionBeautyStylerHairTrimmer",
    "key_in_category_list" : "13-12-2017/lists/beauty/W-499909-VeetSensitivePrecisionBeautyStylerHairTrimmer",
    "likes" : 2,
    "name" : "Veet Sensitive Precision Beauty Styler & Hair Trimmer",
    "package_price" : "$25.00 / 1EA",
    "package_size" : "ea",
    "price" : 25.0,
    "source" : "Woolies",
    "source_short" : "W",
    "stock_code" : "499909",
    "thumbnail_url" : "https://cdn0.woolworths.media/content/wowproductimages/medium/499909.jpg",
    "was_price" : 50.0
  },
  "W-501682-SeasolSeaweedEziSprayHoseOn" : {
    "brand" : "seasol seaweed",
    "category" : "Household",
    "crawl_time" : 1.513115716426319E9,
    "end_promotion_date" : "12-12-2017",
    "id" : "W-501682-SeasolSeaweedEziSprayHoseOn",
    "is_available" : true,
    "is_on_special" : true,
    "is_valid" : true,
    "key" : "13-12-2017/lists/all/W-501682-SeasolSeaweedEziSprayHoseOn",
    "key_in_category_list" : "13-12-2017/lists/household/W-501682-SeasolSeaweedEziSprayHoseOn",
    "likes" : 2,
    "name" : "Seasol Seaweed Ezi Spray Hose On",
    "package_price" : "$0.35 / 100ML",
    "package_size" : "1l",
    "price" : 3.5,
    "source" : "Woolies",
    "source_short" : "W",
    "stock_code" : "501682",
    "thumbnail_url" : "https://cdn0.woolworths.media/content/wowproductimages/medium/501682.jpg",
    "was_price" : 7.0
  },
  "W-501696-PowerfeedEziSprayHoseOn" : {
    "brand" : "powerfeed",
    "category" : "Household",
    "crawl_time" : 1.513115476272956E9,
    "end_promotion_date" : "12-12-2017",
    "id" : "W-501696-PowerfeedEziSprayHoseOn",
    "is_available" : true,
    "is_on_special" : true,
    "is_valid" : true,
    "key" : "13-12-2017/lists/all/W-501696-PowerfeedEziSprayHoseOn",
    "key_in_category_list" : "13-12-2017/lists/household/W-501696-PowerfeedEziSprayHoseOn",
    "likes" : 0,
    "name" : "Powerfeed Ezi Spray Hose On",
    "package_price" : "$0.35 / 100ML",
    "package_size" : "1l",
    "price" : 3.5,
    "source" : "Woolies",
    "source_short" : "W",
    "stock_code" : "501696",
    "thumbnail_url" : "https://cdn0.woolworths.media/content/wowproductimages/medium/501696.jpg",
    "was_price" : 7.0
  },
  "W-505300-TheNaturalConfectioneryCoJellyPopsRaspberry" : {
    "brand" : "the natural confectionery co",
    "category" : "Frozen",
    "crawl_time" : 1.513115549478998E9,
    "end_promotion_date" : "12-12-2017",
    "id" : "W-505300-TheNaturalConfectioneryCoJellyPopsRaspberry",
    "is_available" : true,
    "is_on_special" : true,
    "is_valid" : true,
    "key" : "13-12-2017/lists/all/W-505300-TheNaturalConfectioneryCoJellyPopsRaspberry",
    "key_in_category_list" : "13-12-2017/lists/frozen/W-505300-TheNaturalConfectioneryCoJellyPopsRaspberry",
    "likes" : 1,
    "name" : "The Natural Confectionery Co Jelly Pops Raspberry",
    "package_price" : "$0.68 / 100G",
    "package_size" : "10pk 400ml",
    "price" : 3.4,
    "source" : "Woolies",
    "source_short" : "W",
    "stock_code" : "505300",
    "thumbnail_url" : "https://cdn0.woolworths.media/content/wowproductimages/medium/505300.jpg",
    "was_price" : 6.8
  },
  "W-505302-BullaChocBarJellyIceCream" : {
    "brand" : "bulla",
    "category" : "Frozen",
    "crawl_time" : 1.51311567286423E9,
    "end_promotion_date" : "12-12-2017",
    "id" : "W-505302-BullaChocBarJellyIceCream",
    "is_available" : true,
    "is_on_special" : true,
    "is_valid" : true,
    "key" : "13-12-2017/lists/all/W-505302-BullaChocBarJellyIceCream",
    "key_in_category_list" : "13-12-2017/lists/frozen/W-505302-BullaChocBarJellyIceCream",
    "likes" : 0,
    "name" : "Bulla Choc Bar Jelly Ice Cream",
    "package_price" : "$0.75 / 100G",
    "package_size" : "6pk 450ml",
    "price" : 3.4,
    "source" : "Woolies",
    "source_short" : "W",
    "stock_code" : "505302",
    "thumbnail_url" : "https://cdn0.woolworths.media/content/wowproductimages/medium/505302.jpg",
    "was_price" : 6.8
  },
  "W-510002-BondsActionBriefExtraLarge" : {
    "brand" : "bonds",
    "category" : "Household",
    "crawl_time" : 1.513115477462276E9,
    "end_promotion_date" : "12-12-2017",
    "id" : "W-510002-BondsActionBriefExtraLarge",
    "is_available" : true,
    "is_on_special" : true,
    "is_valid" : true,
    "key" : "13-12-2017/lists/all/W-510002-BondsActionBriefExtraLarge",
    "key_in_category_list" : "13-12-2017/lists/household/W-510002-BondsActionBriefExtraLarge",
    "likes" : 0,
    "name" : "Bonds Action Brief Extra Large",
    "package_price" : "$0.00 / 0",
    "package_size" : "4pk",
    "price" : 11.0,
    "source" : "Woolies",
    "source_short" : "W",
    "stock_code" : "510002",
    "thumbnail_url" : "https://cdn0.woolworths.media/content/wowproductimages/medium/510002.jpg",
    "was_price" : 22.0
  },
  "W-511498-BondsMensLogoSocksLightTrainerSzPlus" : {
    "brand" : "bonds",
    "category" : "Household",
    "crawl_time" : 1.513115604229169E9,
    "end_promotion_date" : "12-12-2017",
    "id" : "W-511498-BondsMensLogoSocksLightTrainerSzPlus",
    "is_available" : true,
    "is_on_special" : true,
    "is_valid" : true,
    "key" : "13-12-2017/lists/all/W-511498-BondsMensLogoSocksLightTrainerSzPlus",
    "key_in_category_list" : "13-12-2017/lists/household/W-511498-BondsMensLogoSocksLightTrainerSzPlus",
    "likes" : 0,
    "name" : "Bonds Mens Logo Socks Light Trainer Sz 6 Plus",
    "package_price" : "$0.00 / 0",
    "package_size" : "4pk",
    "price" : 7.0,
    "source" : "Woolies",
    "source_short" : "W",
    "stock_code" : "511498",
    "thumbnail_url" : "https://cdn0.woolworths.media/content/wowproductimages/medium/511498.jpg",
    "was_price" : 14.0
  },
  "W-511499-BondsWomensLogoSocksLightNoShowSzPlus" : {
    "brand" : "bonds",
    "category" : "Household",
    "crawl_time" : 1.513115874670634E9,
    "end_promotion_date" : "12-12-2017",
    "id" : "W-511499-BondsWomensLogoSocksLightNoShowSzPlus",
    "is_available" : true,
    "is_on_special" : true,
    "is_valid" : true,
    "key" : "13-12-2017/lists/all/W-511499-BondsWomensLogoSocksLightNoShowSzPlus",
    "key_in_category_list" : "13-12-2017/lists/household/W-511499-BondsWomensLogoSocksLightNoShowSzPlus",
    "likes" : 3,
    "name" : "Bonds Womens Logo Socks Light No Show Sz 8 Plus",
    "package_price" : "$0.00 / 0",
    "package_size" : "4pk",
    "price" : 7.0,
    "source" : "Woolies",
    "source_short" : "W",
    "stock_code" : "511499",
    "thumbnail_url" : "https://cdn0.woolworths.media/content/wowproductimages/medium/511499.jpg",
    "was_price" : 14.0
  },
  "W-511506-BondsMensLogoSocksLightTrainersSzPlus" : {
    "brand" : "bonds",
    "category" : "Household",
    "crawl_time" : 1.513115478587916E9,
    "end_promotion_date" : "12-12-2017",
    "id" : "W-511506-BondsMensLogoSocksLightTrainersSzPlus",
    "is_available" : true,
    "is_on_special" : true,
    "is_valid" : true,
    "key" : "13-12-2017/lists/all/W-511506-BondsMensLogoSocksLightTrainersSzPlus",
    "key_in_category_list" : "13-12-2017/lists/household/W-511506-BondsMensLogoSocksLightTrainersSzPlus",
    "likes" : 0,
    "name" : "Bonds Mens Logo Socks Light Trainers Sz 11 Plus",
    "package_price" : "$0.00 / 0",
    "package_size" : "4pk",
    "price" : 7.0,
    "source" : "Woolies",
    "source_short" : "W",
    "stock_code" : "511506",
    "thumbnail_url" : "https://cdn0.woolworths.media/content/wowproductimages/medium/511506.jpg",
    "was_price" : 14.0
  },
  "W-511530-BondsWomensLogoSocksLightNoShowSzPlus" : {
    "brand" : "bonds",
    "category" : "Household",
    "crawl_time" : 1.513115371008701E9,
    "end_promotion_date" : "12-12-2017",
    "id" : "W-511530-BondsWomensLogoSocksLightNoShowSzPlus",
    "is_available" : true,
    "is_on_special" : true,
    "is_valid" : true,
    "key" : "13-12-2017/lists/all/W-511530-BondsWomensLogoSocksLightNoShowSzPlus",
    "key_in_category_list" : "13-12-2017/lists/household/W-511530-BondsWomensLogoSocksLightNoShowSzPlus",
    "likes" : 2,
    "name" : "Bonds Womens Logo Socks Light No Show Sz 3 Plus",
    "package_price" : "$0.00 / 0",
    "package_size" : "4pk",
    "price" : 7.0,
    "source" : "Woolies",
    "source_short" : "W",
    "stock_code" : "511530",
    "thumbnail_url" : "https://cdn0.woolworths.media/content/wowproductimages/medium/511530.jpg",
    "was_price" : 14.0
  },
  "W-512298-DecorCookSealStoreGlassBowlWithLid" : {
    "brand" : "decor",
    "category" : "Household",
    "crawl_time" : 1.513115712928808E9,
    "end_promotion_date" : "12-12-2017",
    "id" : "W-512298-DecorCookSealStoreGlassBowlWithLid",
    "is_available" : true,
    "is_on_special" : true,
    "is_valid" : true,
    "key" : "13-12-2017/lists/all/W-512298-DecorCookSealStoreGlassBowlWithLid",
    "key_in_category_list" : "13-12-2017/lists/household/W-512298-DecorCookSealStoreGlassBowlWithLid",
    "likes" : 0,
    "name" : "Decor Cook Seal & Store Glass Bowl With Lid",
    "package_price" : "$0.00 / 0",
    "package_size" : "3l",
    "price" : 11.49,
    "source" : "Woolies",
    "source_short" : "W",
    "stock_code" : "512298",
    "thumbnail_url" : "https://cdn0.woolworths.media/content/wowproductimages/medium/512298.jpg",
    "was_price" : 22.99
  },
  "W-51649-OlayAntiWrinkleProvitalNightCreamForMatureSkin" : {
    "brand" : "olay",
    "category" : "Health & Beauty",
    "crawl_time" : 1.513115321534465E9,
    "end_promotion_date" : "12-12-2017",
    "id" : "W-51649-OlayAntiWrinkleProvitalNightCreamForMatureSkin",
    "is_available" : true,
    "is_on_special" : true,
    "is_valid" : true,
    "key" : "13-12-2017/lists/all/W-51649-OlayAntiWrinkleProvitalNightCreamForMatureSkin",
    "key_in_category_list" : "13-12-2017/lists/beauty/W-51649-OlayAntiWrinkleProvitalNightCreamForMatureSkin",
    "likes" : 1,
    "name" : "Olay Anti Wrinkle Provital Night Cream For Mature Skin",
    "package_price" : "$17.98 / 100G",
    "package_size" : "50g",
    "price" : 8.99,
    "source" : "Woolies",
    "source_short" : "W",
    "stock_code" : "51649",
    "thumbnail_url" : "https://cdn0.woolworths.media/content/wowproductimages/medium/051649.jpg",
    "was_price" : 17.99
  },
  "W-51654-OlayProvitalEnergisingDayCream" : {
    "brand" : "olay",
    "category" : "Health & Beauty",
    "crawl_time" : 1.513115503222395E9,
    "end_promotion_date" : "12-12-2017",
    "id" : "W-51654-OlayProvitalEnergisingDayCream",
    "is_available" : true,
    "is_on_special" : true,
    "is_valid" : true,
    "key" : "13-12-2017/lists/all/W-51654-OlayProvitalEnergisingDayCream",
    "key_in_category_list" : "13-12-2017/lists/beauty/W-51654-OlayProvitalEnergisingDayCream",
    "likes" : 1,
    "name" : "Olay Pro-vital Energising Day Cream",
    "package_price" : "$17.98 / 100ML",
    "package_size" : "50ml",
    "price" : 8.99,
    "source" : "Woolies",
    "source_short" : "W",
    "stock_code" : "51654",
    "thumbnail_url" : "https://cdn0.woolworths.media/content/wowproductimages/medium/051654.jpg",
    "was_price" : 17.99
  },
  "W-517616-JacksonOutletPowerboardChildSafe" : {
    "brand" : "jackson",
    "category" : "Household",
    "crawl_time" : 1.513115876008973E9,
    "end_promotion_date" : "12-12-2017",
    "id" : "W-517616-JacksonOutletPowerboardChildSafe",
    "is_available" : true,
    "is_on_special" : true,
    "is_valid" : true,
    "key" : "13-12-2017/lists/all/W-517616-JacksonOutletPowerboardChildSafe",
    "key_in_category_list" : "13-12-2017/lists/household/W-517616-JacksonOutletPowerboardChildSafe",
    "likes" : 2,
    "name" : "Jackson 4 Outlet Powerboard Child Safe",
    "package_price" : "$7.50 / 1EA",
    "package_size" : "each",
    "price" : 7.5,
    "source" : "Woolies",
    "source_short" : "W",
    "stock_code" : "517616",
    "thumbnail_url" : "https://cdn0.woolworths.media/content/wowproductimages/medium/517616.jpg",
    "was_price" : 15.0
  },
  "W-518054-JacksonOutletPowerboardWithIndividualSwitch" : {
    "brand" : "jackson",
    "category" : "Household",
    "crawl_time" : 1.51311571038854E9,
    "end_promotion_date" : "12-12-2017",
    "id" : "W-518054-JacksonOutletPowerboardWithIndividualSwitch",
    "is_available" : true,
    "is_on_special" : true,
    "is_valid" : true,
    "key" : "13-12-2017/lists/all/W-518054-JacksonOutletPowerboardWithIndividualSwitch",
    "key_in_category_list" : "13-12-2017/lists/household/W-518054-JacksonOutletPowerboardWithIndividualSwitch",
    "likes" : 2,
    "name" : "Jackson 4 Outlet Powerboard With Individual Switch",
    "package_price" : "$9.99 / 1EA",
    "package_size" : "each",
    "price" : 9.99,
    "source" : "Woolies",
    "source_short" : "W",
    "stock_code" : "518054",
    "thumbnail_url" : "https://cdn0.woolworths.media/content/wowproductimages/medium/518054.jpg",
    "was_price" : 19.99
  },
  "W-518057-DecorThermoglassOblongBakingDish" : {
    "brand" : "decor",
    "category" : "Household",
    "crawl_time" : 1.513115596760965E9,
    "end_promotion_date" : "12-12-2017",
    "id" : "W-518057-DecorThermoglassOblongBakingDish",
    "is_available" : true,
    "is_on_special" : true,
    "is_valid" : true,
    "key" : "13-12-2017/lists/all/W-518057-DecorThermoglassOblongBakingDish",
    "key_in_category_list" : "13-12-2017/lists/household/W-518057-DecorThermoglassOblongBakingDish",
    "likes" : 2,
    "name" : "Decor Thermoglass Oblong Baking Dish",
    "package_price" : "$0.00 / 0",
    "package_size" : "2.8l",
    "price" : 11.49,
    "source" : "Woolies",
    "source_short" : "W",
    "stock_code" : "518057",
    "thumbnail_url" : "https://cdn0.woolworths.media/content/wowproductimages/medium/518057.jpg",
    "was_price" : 22.99
  },
  "W-521238-MamaChowChickenChilliJamDumpling" : {
    "brand" : "mama chow",
    "category" : "Frozen",
    "crawl_time" : 1.513115290439696E9,
    "end_promotion_date" : "12-12-2017",
    "id" : "W-521238-MamaChowChickenChilliJamDumpling",
    "is_available" : true,
    "is_on_special" : true,
    "is_valid" : true,
    "key" : "13-12-2017/lists/all/W-521238-MamaChowChickenChilliJamDumpling",
    "key_in_category_list" : "13-12-2017/lists/frozen/W-521238-MamaChowChickenChilliJamDumpling",
    "likes" : 1,
    "name" : "Mama Chow Chicken & Chilli Jam Dumpling ",
    "package_price" : "$1.50 / 100G",
    "package_size" : "10pk 200g",
    "price" : 3.0,
    "source" : "Woolies",
    "source_short" : "W",
    "stock_code" : "521238",
    "thumbnail_url" : "https://cdn0.woolworths.media/content/wowproductimages/medium/521238.jpg",
    "was_price" : 6.0
  },
  "W-521913-LindorGiftBoxSummerEdition" : {
    "brand" : "lindor",
    "category" : "Pantry",
    "crawl_time" : 1.513115459776997E9,
    "end_promotion_date" : "12-12-2017",
    "id" : "W-521913-LindorGiftBoxSummerEdition",
    "is_available" : true,
    "is_on_special" : true,
    "is_valid" : true,
    "key" : "13-12-2017/lists/all/W-521913-LindorGiftBoxSummerEdition",
    "key_in_category_list" : "13-12-2017/lists/pantry/W-521913-LindorGiftBoxSummerEdition",
    "likes" : 1,
    "name" : "Lindor Gift Box Summer Edition",
    "package_price" : "$4.14 / 100G",
    "package_size" : "145g",
    "price" : 6.0,
    "source" : "Woolies",
    "source_short" : "W",
    "stock_code" : "521913",
    "thumbnail_url" : "https://cdn0.woolworths.media/content/wowproductimages/medium/521913.jpg",
    "was_price" : 12.5
  },
  "W-523234-HeidiKlumLadiesBikiniUnderwearSize" : {
    "brand" : "heidi klum",
    "category" : "Household",
    "crawl_time" : 1.513115524832992E9,
    "end_promotion_date" : "12-12-2017",
    "id" : "W-523234-HeidiKlumLadiesBikiniUnderwearSize",
    "is_available" : true,
    "is_on_special" : true,
    "is_valid" : true,
    "key" : "13-12-2017/lists/all/W-523234-HeidiKlumLadiesBikiniUnderwearSize",
    "key_in_category_list" : "13-12-2017/lists/household/W-523234-HeidiKlumLadiesBikiniUnderwearSize",
    "likes" : 0,
    "name" : "Heidi Klum Ladies Bikini Underwear Size 12",
    "package_price" : "$0.00 / 0",
    "package_size" : "1ea",
    "price" : 10.0,
    "source" : "Woolies",
    "source_short" : "W",
    "stock_code" : "523234",
    "thumbnail_url" : "https://cdn0.woolworths.media/content/wowproductimages/medium/523234.jpg",
    "was_price" : 20.0
  },
  "W-523248-DavenportMensUnderwearTrunksMedium" : {
    "brand" : "davenport",
    "category" : "Household",
    "crawl_time" : 1.513115702087695E9,
    "end_promotion_date" : "12-12-2017",
    "id" : "W-523248-DavenportMensUnderwearTrunksMedium",
    "is_available" : true,
    "is_on_special" : true,
    "is_valid" : true,
    "key" : "13-12-2017/lists/all/W-523248-DavenportMensUnderwearTrunksMedium",
    "key_in_category_list" : "13-12-2017/lists/household/W-523248-DavenportMensUnderwearTrunksMedium",
    "likes" : 0,
    "name" : "Davenport Mens Underwear Trunks Medium",
    "package_price" : "$9.00 / 1EA",
    "package_size" : "1ea",
    "price" : 9.0,
    "source" : "Woolies",
    "source_short" : "W",
    "stock_code" : "523248",
    "thumbnail_url" : "https://cdn0.woolworths.media/content/wowproductimages/medium/523248.jpg",
    "was_price" : 18.0
  },
  "W-544988-DynamoUltraRegularFrontTopLaundryLiquid" : {
    "brand" : "dynamo ultra",
    "category" : "Household",
    "crawl_time" : 1.513115792300181E9,
    "end_promotion_date" : "12-12-2017",
    "id" : "W-544988-DynamoUltraRegularFrontTopLaundryLiquid",
    "is_available" : true,
    "is_on_special" : true,
    "is_valid" : true,
    "key" : "13-12-2017/lists/all/W-544988-DynamoUltraRegularFrontTopLaundryLiquid",
    "key_in_category_list" : "13-12-2017/lists/household/W-544988-DynamoUltraRegularFrontTopLaundryLiquid",
    "likes" : 0,
    "name" : "Dynamo Ultra Regular Front & Top Laundry Liquid",
    "package_price" : "$4.38 / 1L",
    "package_size" : "2l",
    "price" : 8.75,
    "source" : "Woolies",
    "source_short" : "W",
    "stock_code" : "544988",
    "thumbnail_url" : "https://cdn0.woolworths.media/content/wowproductimages/medium/544988.jpg",
    "was_price" : 17.5
  },
  "W-545290-DynamoUltraProfessionalFrontTopLaundryLiquid" : {
    "brand" : "dynamo ultra",
    "category" : "Household",
    "crawl_time" : 1.513115638488922E9,
    "end_promotion_date" : "12-12-2017",
    "id" : "W-545290-DynamoUltraProfessionalFrontTopLaundryLiquid",
    "is_available" : true,
    "is_on_special" : true,
    "is_valid" : true,
    "key" : "13-12-2017/lists/all/W-545290-DynamoUltraProfessionalFrontTopLaundryLiquid",
    "key_in_category_list" : "13-12-2017/lists/household/W-545290-DynamoUltraProfessionalFrontTopLaundryLiquid",
    "likes" : 0,
    "name" : "Dynamo Ultra Professional Front & Top Laundry Liquid",
    "package_price" : "$4.86 / 1L",
    "package_size" : "1.8l",
    "price" : 8.75,
    "source" : "Woolies",
    "source_short" : "W",
    "stock_code" : "545290",
    "thumbnail_url" : "https://cdn0.woolworths.media/content/wowproductimages/medium/545290.jpg",
    "was_price" : 17.5
  },
  "W-545291-DynamoUltraEucalyptusFrontTopLaundryLiquid" : {
    "brand" : "dynamo ultra",
    "category" : "Household",
    "crawl_time" : 1.513115765192984E9,
    "end_promotion_date" : "12-12-2017",
    "id" : "W-545291-DynamoUltraEucalyptusFrontTopLaundryLiquid",
    "is_available" : true,
    "is_on_special" : true,
    "is_valid" : true,
    "key" : "13-12-2017/lists/all/W-545291-DynamoUltraEucalyptusFrontTopLaundryLiquid",
    "key_in_category_list" : "13-12-2017/lists/household/W-545291-DynamoUltraEucalyptusFrontTopLaundryLiquid",
    "likes" : 0,
    "name" : "Dynamo Ultra Eucalyptus Front & Top Laundry Liquid",
    "package_price" : "$4.38 / 1L",
    "package_size" : "2l",
    "price" : 8.75,
    "source" : "Woolies",
    "source_short" : "W",
    "stock_code" : "545291",
    "thumbnail_url" : "https://cdn0.woolworths.media/content/wowproductimages/medium/545291.jpg",
    "was_price" : 17.5
  },
  "W-545630-ColdPowerInLaundryPowderWithATouchOfFabricSoftner" : {
    "brand" : "cold power",
    "category" : "Household",
    "crawl_time" : 1.513115264182584E9,
    "end_promotion_date" : "12-12-2017",
    "id" : "W-545630-ColdPowerInLaundryPowderWithATouchOfFabricSoftner",
    "is_available" : true,
    "is_on_special" : true,
    "is_valid" : true,
    "key" : "13-12-2017/lists/all/W-545630-ColdPowerInLaundryPowderWithATouchOfFabricSoftner",
    "key_in_category_list" : "13-12-2017/lists/household/W-545630-ColdPowerInLaundryPowderWithATouchOfFabricSoftner",
    "likes" : 3,
    "name" : "Cold Power 2 In 1 Laundry Powder With A Touch Of Fabric Softner",
    "package_price" : "$5.56 / 1KG",
    "package_size" : "900g",
    "price" : 5.0,
    "source" : "Woolies",
    "source_short" : "W",
    "stock_code" : "545630",
    "thumbnail_url" : "https://cdn0.woolworths.media/content/wowproductimages/medium/545630.jpg",
    "was_price" : 10.0
  },
  "W-545660-ColdPowerRegularFrontTopLiquid" : {
    "brand" : "cold power",
    "category" : "Household",
    "crawl_time" : 1.513115550624922E9,
    "end_promotion_date" : "12-12-2017",
    "id" : "W-545660-ColdPowerRegularFrontTopLiquid",
    "is_available" : true,
    "is_on_special" : true,
    "is_valid" : true,
    "key" : "13-12-2017/lists/all/W-545660-ColdPowerRegularFrontTopLiquid",
    "key_in_category_list" : "13-12-2017/lists/household/W-545660-ColdPowerRegularFrontTopLiquid",
    "likes" : 2,
    "name" : "Cold Power Regular Front & Top Liquid",
    "package_price" : "$5.00 / 1L",
    "package_size" : "1l",
    "price" : 5.0,
    "source" : "Woolies",
    "source_short" : "W",
    "stock_code" : "545660",
    "thumbnail_url" : "https://cdn0.woolworths.media/content/wowproductimages/medium/545660.jpg",
    "was_price" : 10.0
  },
  "W-545754-ColdPowerSensitiveFrontTopLiquidCapsules" : {
    "brand" : "cold power",
    "category" : "Household",
    "crawl_time" : 1.513115526050986E9,
    "end_promotion_date" : "12-12-2017",
    "id" : "W-545754-ColdPowerSensitiveFrontTopLiquidCapsules",
    "is_available" : true,
    "is_on_special" : true,
    "is_valid" : true,
    "key" : "13-12-2017/lists/all/W-545754-ColdPowerSensitiveFrontTopLiquidCapsules",
    "key_in_category_list" : "13-12-2017/lists/household/W-545754-ColdPowerSensitiveFrontTopLiquidCapsules",
    "likes" : 0,
    "name" : "Cold Power Sensitive Front & Top Liquid Capsules",
    "package_price" : "$0.33 / 1EA",
    "package_size" : "18pk",
    "price" : 6.0,
    "source" : "Woolies",
    "source_short" : "W",
    "stock_code" : "545754",
    "thumbnail_url" : "https://cdn0.woolworths.media/content/wowproductimages/medium/545754.jpg",
    "was_price" : 12.0
  },
  "W-546292-ColdPowerRegularFrontTopLiquidCapsules" : {
    "brand" : "cold power",
    "category" : "Household",
    "crawl_time" : 1.513115614436183E9,
    "end_promotion_date" : "12-12-2017",
    "id" : "W-546292-ColdPowerRegularFrontTopLiquidCapsules",
    "is_available" : true,
    "is_on_special" : true,
    "is_valid" : true,
    "key" : "13-12-2017/lists/all/W-546292-ColdPowerRegularFrontTopLiquidCapsules",
    "key_in_category_list" : "13-12-2017/lists/household/W-546292-ColdPowerRegularFrontTopLiquidCapsules",
    "likes" : 2,
    "name" : "Cold Power Regular Front & Top Liquid Capsules",
    "package_price" : "$0.33 / 1EA",
    "package_size" : "18pk",
    "price" : 6.0,
    "source" : "Woolies",
    "source_short" : "W",
    "stock_code" : "546292",
    "thumbnail_url" : "https://cdn0.woolworths.media/content/wowproductimages/medium/546292.jpg",
    "was_price" : 12.0
  },
  "W-56134-BondsExplorerSocksMensBlackSize" : {
    "brand" : "bonds",
    "category" : "Household",
    "crawl_time" : 1.513115449165777E9,
    "end_promotion_date" : "12-12-2017",
    "id" : "W-56134-BondsExplorerSocksMensBlackSize",
    "is_available" : true,
    "is_on_special" : true,
    "is_valid" : true,
    "key" : "13-12-2017/lists/all/W-56134-BondsExplorerSocksMensBlackSize",
    "key_in_category_list" : "13-12-2017/lists/household/W-56134-BondsExplorerSocksMensBlackSize",
    "likes" : 0,
    "name" : "Bonds Explorer Socks Mens Black Size 6-10",
    "package_price" : "$0.00 / 0",
    "package_size" : "each",
    "price" : 7.0,
    "source" : "Woolies",
    "source_short" : "W",
    "stock_code" : "56134",
    "thumbnail_url" : "https://cdn0.woolworths.media/content/wowproductimages/medium/056134.jpg",
    "was_price" : 14.0
  },
  "W-568511-OlayEyesProretEyeTreatment" : {
    "brand" : "olay",
    "category" : "Health & Beauty",
    "crawl_time" : 1.513115315380786E9,
    "end_promotion_date" : "12-12-2017",
    "id" : "W-568511-OlayEyesProretEyeTreatment",
    "is_available" : true,
    "is_on_special" : true,
    "is_valid" : true,
    "key" : "13-12-2017/lists/all/W-568511-OlayEyesProretEyeTreatment",
    "key_in_category_list" : "13-12-2017/lists/beauty/W-568511-OlayEyesProretEyeTreatment",
    "likes" : 1,
    "name" : "Olay Eyes Pro-ret Eye Treatment ",
    "package_price" : "$163.33 / 100ML",
    "package_size" : "15ml",
    "price" : 24.5,
    "source" : "Woolies",
    "source_short" : "W",
    "stock_code" : "568511",
    "thumbnail_url" : "https://cdn0.woolworths.media/content/wowproductimages/medium/568511.jpg",
    "was_price" : 49.0
  },
  "W-568512-OlayEyesUltimateEyeCream" : {
    "brand" : "olay",
    "category" : "Health & Beauty",
    "crawl_time" : 1.513115766413306E9,
    "end_promotion_date" : "12-12-2017",
    "id" : "W-568512-OlayEyesUltimateEyeCream",
    "is_available" : true,
    "is_on_special" : true,
    "is_valid" : true,
    "key" : "13-12-2017/lists/all/W-568512-OlayEyesUltimateEyeCream",
    "key_in_category_list" : "13-12-2017/lists/beauty/W-568512-OlayEyesUltimateEyeCream",
    "likes" : 1,
    "name" : "Olay Eyes Ultimate Eye Cream ",
    "package_price" : "$163.33 / 100ML",
    "package_size" : "15ml",
    "price" : 24.5,
    "source" : "Woolies",
    "source_short" : "W",
    "stock_code" : "568512",
    "thumbnail_url" : "https://cdn0.woolworths.media/content/wowproductimages/medium/568512.jpg",
    "was_price" : 49.0
  },
  "W-568732-OlayEyesIlluminateEyeCream" : {
    "brand" : "olay",
    "category" : "Health & Beauty",
    "crawl_time" : 1.513115877505431E9,
    "end_promotion_date" : "12-12-2017",
    "id" : "W-568732-OlayEyesIlluminateEyeCream",
    "is_available" : true,
    "is_on_special" : true,
    "is_valid" : true,
    "key" : "13-12-2017/lists/all/W-568732-OlayEyesIlluminateEyeCream",
    "key_in_category_list" : "13-12-2017/lists/beauty/W-568732-OlayEyesIlluminateEyeCream",
    "likes" : 1,
    "name" : "Olay Eyes Illuminate Eye Cream ",
    "package_price" : "$163.33 / 100ML",
    "package_size" : "15ml",
    "price" : 24.5,
    "source" : "Woolies",
    "source_short" : "W",
    "stock_code" : "568732",
    "thumbnail_url" : "https://cdn0.woolworths.media/content/wowproductimages/medium/568732.jpg",
    "was_price" : 49.0
  },
  "W-570992-ExtraCareSunRepairShampoo" : {
    "brand" : "extra care",
    "category" : "Health & Beauty",
    "crawl_time" : 1.513115674035154E9,
    "end_promotion_date" : "12-12-2017",
    "id" : "W-570992-ExtraCareSunRepairShampoo",
    "is_available" : true,
    "is_on_special" : true,
    "is_valid" : true,
    "key" : "13-12-2017/lists/all/W-570992-ExtraCareSunRepairShampoo",
    "key_in_category_list" : "13-12-2017/lists/beauty/W-570992-ExtraCareSunRepairShampoo",
    "likes" : 0,
    "name" : "Extra Care Sun Repair Shampoo",
    "package_price" : "$0.86 / 100ML",
    "package_size" : "400ml",
    "price" : 3.44,
    "source" : "Woolies",
    "source_short" : "W",
    "stock_code" : "570992",
    "thumbnail_url" : "https://cdn0.woolworths.media/content/wowproductimages/medium/570992.jpg",
    "was_price" : 6.9
  },
  "W-570993-ExtraCareSunRepairConditioner" : {
    "brand" : "extra care",
    "category" : "Health & Beauty",
    "crawl_time" : 1.513115639623769E9,
    "end_promotion_date" : "12-12-2017",
    "id" : "W-570993-ExtraCareSunRepairConditioner",
    "is_available" : true,
    "is_on_special" : true,
    "is_valid" : true,
    "key" : "13-12-2017/lists/all/W-570993-ExtraCareSunRepairConditioner",
    "key_in_category_list" : "13-12-2017/lists/beauty/W-570993-ExtraCareSunRepairConditioner",
    "likes" : 2,
    "name" : "Extra Care Sun Repair Conditioner",
    "package_price" : "$0.86 / 100ML",
    "package_size" : "400ml",
    "price" : 3.44,
    "source" : "Woolies",
    "source_short" : "W",
    "stock_code" : "570993",
    "thumbnail_url" : "https://cdn0.woolworths.media/content/wowproductimages/medium/570993.jpg",
    "was_price" : 6.9
  },
  "W-571671-SwisseUltiboostCranberryEffervescentTablets" : {
    "brand" : "swisse ultiboost",
    "category" : "Health & Beauty",
    "crawl_time" : 1.513115788546208E9,
    "end_promotion_date" : "12-12-2017",
    "id" : "W-571671-SwisseUltiboostCranberryEffervescentTablets",
    "is_available" : true,
    "is_on_special" : true,
    "is_valid" : true,
    "key" : "13-12-2017/lists/all/W-571671-SwisseUltiboostCranberryEffervescentTablets",
    "key_in_category_list" : "13-12-2017/lists/beauty/W-571671-SwisseUltiboostCranberryEffervescentTablets",
    "likes" : 1,
    "name" : "Swisse Ultiboost Cranberry Effervescent Tablets",
    "package_price" : "$25.00 / 100EA",
    "package_size" : "60pk",
    "price" : 15.0,
    "source" : "Woolies",
    "source_short" : "W",
    "stock_code" : "571671",
    "thumbnail_url" : "https://cdn0.woolworths.media/content/wowproductimages/medium/571671.jpg",
    "was_price" : 30.0
  },
  "W-574478-LindtExcellenceRichDarkChocolateCocoa" : {
    "brand" : "lindt excellence",
    "category" : "Pantry",
    "crawl_time" : 1.513115265636124E9,
    "end_promotion_date" : "12-12-2017",
    "id" : "W-574478-LindtExcellenceRichDarkChocolateCocoa",
    "is_available" : true,
    "is_on_special" : true,
    "is_valid" : true,
    "key" : "13-12-2017/lists/all/W-574478-LindtExcellenceRichDarkChocolateCocoa",
    "key_in_category_list" : "13-12-2017/lists/pantry/W-574478-LindtExcellenceRichDarkChocolateCocoa",
    "likes" : 1,
    "name" : "Lindt Excellence Rich Dark Chocolate 78% Cocoa",
    "package_price" : "$2.12 / 100G",
    "package_size" : "100g block",
    "price" : 2.12,
    "source" : "Woolies",
    "source_short" : "W",
    "stock_code" : "574478",
    "thumbnail_url" : "https://cdn0.woolworths.media/content/wowproductimages/medium/574478.jpg",
    "was_price" : 4.25
  },
  "W-574482-LindtExcellenceMilkChocolateSeasaltCaramel" : {
    "brand" : "lindt excellence",
    "category" : "Pantry",
    "crawl_time" : 1.513115421979255E9,
    "end_promotion_date" : "12-12-2017",
    "id" : "W-574482-LindtExcellenceMilkChocolateSeasaltCaramel",
    "is_available" : true,
    "is_on_special" : true,
    "is_valid" : true,
    "key" : "13-12-2017/lists/all/W-574482-LindtExcellenceMilkChocolateSeasaltCaramel",
    "key_in_category_list" : "13-12-2017/lists/pantry/W-574482-LindtExcellenceMilkChocolateSeasaltCaramel",
    "likes" : 0,
    "name" : "Lindt Excellence Milk Chocolate Seasalt & Caramel",
    "package_price" : "$2.12 / 100G",
    "package_size" : "100g block",
    "price" : 2.12,
    "source" : "Woolies",
    "source_short" : "W",
    "stock_code" : "574482",
    "thumbnail_url" : "https://cdn0.woolworths.media/content/wowproductimages/medium/574482.jpg",
    "was_price" : 4.25
  },
  "W-574487-LindtExcellenceMilkChocolateMint" : {
    "brand" : "lindt excellence",
    "category" : "Pantry",
    "crawl_time" : 1.513115527365023E9,
    "end_promotion_date" : "12-12-2017",
    "id" : "W-574487-LindtExcellenceMilkChocolateMint",
    "is_available" : true,
    "is_on_special" : true,
    "is_valid" : true,
    "key" : "13-12-2017/lists/all/W-574487-LindtExcellenceMilkChocolateMint",
    "key_in_category_list" : "13-12-2017/lists/pantry/W-574487-LindtExcellenceMilkChocolateMint",
    "likes" : 0,
    "name" : "Lindt Excellence Milk Chocolate Mint",
    "package_price" : "$2.12 / 100G",
    "package_size" : "100g block",
    "price" : 2.12,
    "source" : "Woolies",
    "source_short" : "W",
    "stock_code" : "574487",
    "thumbnail_url" : "https://cdn0.woolworths.media/content/wowproductimages/medium/574487.jpg",
    "was_price" : 4.25
  },
  "W-574488-LindtExcellenceSaltedCaramelChocolate" : {
    "brand" : "lindt excellence",
    "category" : "Pantry",
    "crawl_time" : 1.51311555205704E9,
    "end_promotion_date" : "12-12-2017",
    "id" : "W-574488-LindtExcellenceSaltedCaramelChocolate",
    "is_available" : true,
    "is_on_special" : true,
    "is_valid" : true,
    "key" : "13-12-2017/lists/all/W-574488-LindtExcellenceSaltedCaramelChocolate",
    "key_in_category_list" : "13-12-2017/lists/pantry/W-574488-LindtExcellenceSaltedCaramelChocolate",
    "likes" : 2,
    "name" : "Lindt Excellence Salted Caramel Chocolate",
    "package_price" : "$2.12 / 100G",
    "package_size" : "100g block",
    "price" : 2.12,
    "source" : "Woolies",
    "source_short" : "W",
    "stock_code" : "574488",
    "thumbnail_url" : "https://cdn0.woolworths.media/content/wowproductimages/medium/574488.jpg",
    "was_price" : 4.25
  },
  "W-574623-BullaCustardTart" : {
    "brand" : "bulla",
    "category" : "Frozen",
    "crawl_time" : 1.513115553208627E9,
    "end_promotion_date" : "12-12-2017",
    "id" : "W-574623-BullaCustardTart",
    "is_available" : true,
    "is_on_special" : true,
    "is_valid" : true,
    "key" : "13-12-2017/lists/all/W-574623-BullaCustardTart",
    "key_in_category_list" : "13-12-2017/lists/frozen/W-574623-BullaCustardTart",
    "likes" : 0,
    "name" : "Bulla Custard Tart ",
    "package_price" : "$0.63 / 100ML",
    "package_size" : "6pk 540ml",
    "price" : 3.4,
    "source" : "Woolies",
    "source_short" : "W",
    "stock_code" : "574623",
    "thumbnail_url" : "https://cdn0.woolworths.media/content/wowproductimages/medium/574623.jpg",
    "was_price" : 6.8
  },
  "W-579-MmsMinis" : {
    "brand" : "m&m's",
    "category" : "Pantry",
    "crawl_time" : 1.513115741499804E9,
    "end_promotion_date" : "12-12-2017",
    "id" : "W-579-MmsMinis",
    "is_available" : true,
    "is_on_special" : true,
    "is_valid" : true,
    "key" : "13-12-2017/lists/all/W-579-MmsMinis",
    "key_in_category_list" : "13-12-2017/lists/pantry/W-579-MmsMinis",
    "likes" : 0,
    "name" : "M&m's Mini's ",
    "package_price" : "$2.86 / 100G",
    "package_size" : "35g tube",
    "price" : 1.0,
    "source" : "Woolies",
    "source_short" : "W",
    "stock_code" : "579",
    "thumbnail_url" : "https://cdn0.woolworths.media/content/wowproductimages/medium/000579.jpg",
    "was_price" : 2.0
  },
  "W-583232-LindorSummerFruitGiftBox" : {
    "brand" : "lindor",
    "category" : "Pantry",
    "crawl_time" : 1.513115878632891E9,
    "end_promotion_date" : "12-12-2017",
    "id" : "W-583232-LindorSummerFruitGiftBox",
    "is_available" : true,
    "is_on_special" : true,
    "is_valid" : true,
    "key" : "13-12-2017/lists/all/W-583232-LindorSummerFruitGiftBox",
    "key_in_category_list" : "13-12-2017/lists/pantry/W-583232-LindorSummerFruitGiftBox",
    "likes" : 5,
    "name" : "Lindor Summer Fruit Gift Box",
    "package_price" : "$4.08 / 100G",
    "package_size" : "147g",
    "price" : 6.0,
    "source" : "Woolies",
    "source_short" : "W",
    "stock_code" : "583232",
    "thumbnail_url" : "https://cdn0.woolworths.media/content/wowproductimages/medium/583232.jpg",
    "was_price" : 12.5
  },
  "W-584011-GrainWavesSourCreamChives" : {
    "brand" : "grain waves",
    "category" : "Pantry",
    "crawl_time" : 1.513115767547624E9,
    "end_promotion_date" : "12-12-2017",
    "id" : "W-584011-GrainWavesSourCreamChives",
    "is_available" : true,
    "is_on_special" : true,
    "is_valid" : true,
    "key" : "13-12-2017/lists/all/W-584011-GrainWavesSourCreamChives",
    "key_in_category_list" : "13-12-2017/lists/pantry/W-584011-GrainWavesSourCreamChives",
    "likes" : 1,
    "name" : "Grain Waves Sour Cream & Chives ",
    "package_price" : "$0.95 / 100G",
    "package_size" : "210g",
    "price" : 2.0,
    "source" : "Woolies",
    "source_short" : "W",
    "stock_code" : "584011",
    "thumbnail_url" : "https://cdn0.woolworths.media/content/wowproductimages/medium/584011.jpg",
    "was_price" : 4.0
  },
  "W-586823-GrainWavesSweetChilli" : {
    "brand" : "grain waves",
    "category" : "Pantry",
    "crawl_time" : 1.513115640752577E9,
    "end_promotion_date" : "12-12-2017",
    "id" : "W-586823-GrainWavesSweetChilli",
    "is_available" : true,
    "is_on_special" : true,
    "is_valid" : true,
    "key" : "13-12-2017/lists/all/W-586823-GrainWavesSweetChilli",
    "key_in_category_list" : "13-12-2017/lists/pantry/W-586823-GrainWavesSweetChilli",
    "likes" : 1,
    "name" : "Grain Waves Sweet Chilli ",
    "package_price" : "$0.95 / 100G",
    "package_size" : "210g",
    "price" : 2.0,
    "source" : "Woolies",
    "source_short" : "W",
    "stock_code" : "586823",
    "thumbnail_url" : "https://cdn0.woolworths.media/content/wowproductimages/medium/586823.jpg",
    "was_price" : 4.0
  },
  "W-588754-DecorMicrosafePiecePack" : {
    "brand" : "decor",
    "category" : "Household",
    "crawl_time" : 1.51311535343702E9,
    "end_promotion_date" : "12-12-2017",
    "id" : "W-588754-DecorMicrosafePiecePack",
    "is_available" : true,
    "is_on_special" : true,
    "is_valid" : true,
    "key" : "13-12-2017/lists/all/W-588754-DecorMicrosafePiecePack",
    "key_in_category_list" : "13-12-2017/lists/household/W-588754-DecorMicrosafePiecePack",
    "likes" : 2,
    "name" : "Decor Microsafe 5 Piece Pack",
    "package_price" : "$0.00 / 0",
    "package_size" : "each",
    "price" : 8.49,
    "source" : "Woolies",
    "source_short" : "W",
    "stock_code" : "588754",
    "thumbnail_url" : "https://cdn0.woolworths.media/content/wowproductimages/medium/588754.jpg",
    "was_price" : 16.99
  },
  "W-589528-OlayCompleteLotionUvMoisturisingLotionSpf" : {
    "brand" : "olay",
    "category" : "Health & Beauty",
    "crawl_time" : 1.513115322991056E9,
    "end_promotion_date" : "12-12-2017",
    "id" : "W-589528-OlayCompleteLotionUvMoisturisingLotionSpf",
    "is_available" : true,
    "is_on_special" : true,
    "is_valid" : true,
    "key" : "13-12-2017/lists/all/W-589528-OlayCompleteLotionUvMoisturisingLotionSpf",
    "key_in_category_list" : "13-12-2017/lists/beauty/W-589528-OlayCompleteLotionUvMoisturisingLotionSpf",
    "likes" : 0,
    "name" : "Olay Complete Lotion Uv Moisturising Lotion Spf 25",
    "package_price" : "$9.99 / 100ML",
    "package_size" : "75ml",
    "price" : 7.49,
    "source" : "Woolies",
    "source_short" : "W",
    "stock_code" : "589528",
    "thumbnail_url" : "https://cdn0.woolworths.media/content/wowproductimages/medium/589528.jpg",
    "was_price" : 14.99
  },
  "W-589538-ExtraCareConditionerFibreTherapy" : {
    "brand" : "extra care",
    "category" : "Health & Beauty",
    "crawl_time" : 1.51311580313362E9,
    "end_promotion_date" : "12-12-2017",
    "id" : "W-589538-ExtraCareConditionerFibreTherapy",
    "is_available" : true,
    "is_on_special" : true,
    "is_valid" : true,
    "key" : "13-12-2017/lists/all/W-589538-ExtraCareConditionerFibreTherapy",
    "key_in_category_list" : "13-12-2017/lists/beauty/W-589538-ExtraCareConditionerFibreTherapy",
    "likes" : 1,
    "name" : "Extra Care Conditioner Fibre Therapy",
    "package_price" : "$0.86 / 100ML",
    "package_size" : "400ml",
    "price" : 3.44,
    "source" : "Woolies",
    "source_short" : "W",
    "stock_code" : "589538",
    "thumbnail_url" : "https://cdn0.woolworths.media/content/wowproductimages/medium/589538.jpg",
    "was_price" : 6.9
  },
  "W-589552-ExtraCareShampooFibreTherapy" : {
    "brand" : "extra care",
    "category" : "Health & Beauty",
    "crawl_time" : 1.513115768778559E9,
    "end_promotion_date" : "12-12-2017",
    "id" : "W-589552-ExtraCareShampooFibreTherapy",
    "is_available" : true,
    "is_on_special" : true,
    "is_valid" : true,
    "key" : "13-12-2017/lists/all/W-589552-ExtraCareShampooFibreTherapy",
    "key_in_category_list" : "13-12-2017/lists/beauty/W-589552-ExtraCareShampooFibreTherapy",
    "likes" : 0,
    "name" : "Extra Care Shampoo Fibre Therapy",
    "package_price" : "$0.86 / 100ML",
    "package_size" : "400ml",
    "price" : 3.44,
    "source" : "Woolies",
    "source_short" : "W",
    "stock_code" : "589552",
    "thumbnail_url" : "https://cdn0.woolworths.media/content/wowproductimages/medium/589552.jpg",
    "was_price" : 6.9
  },
  "W-595410-BiozetAttackLaundryPowderWithSoftener" : {
    "brand" : "biozet attack",
    "category" : "Household",
    "crawl_time" : 1.513115641881034E9,
    "end_promotion_date" : "12-12-2017",
    "id" : "W-595410-BiozetAttackLaundryPowderWithSoftener",
    "is_available" : true,
    "is_on_special" : true,
    "is_valid" : true,
    "key" : "13-12-2017/lists/all/W-595410-BiozetAttackLaundryPowderWithSoftener",
    "key_in_category_list" : "13-12-2017/lists/household/W-595410-BiozetAttackLaundryPowderWithSoftener",
    "likes" : 0,
    "name" : "Biozet Attack Laundry Powder With Softener",
    "package_price" : "$5.00 / 1KG",
    "package_size" : "2kg",
    "price" : 9.99,
    "source" : "Woolies",
    "source_short" : "W",
    "stock_code" : "595410",
    "thumbnail_url" : "https://cdn0.woolworths.media/content/wowproductimages/medium/595410.jpg",
    "was_price" : 22.0
  },
  "W-602854-NescafeSachetsChaiCoffeeLatte" : {
    "brand" : "nescafe",
    "category" : "Pantry",
    "crawl_time" : 1.513115557982195E9,
    "end_promotion_date" : "12-12-2017",
    "id" : "W-602854-NescafeSachetsChaiCoffeeLatte",
    "is_available" : true,
    "is_on_special" : true,
    "is_valid" : true,
    "key" : "13-12-2017/lists/all/W-602854-NescafeSachetsChaiCoffeeLatte",
    "key_in_category_list" : "13-12-2017/lists/pantry/W-602854-NescafeSachetsChaiCoffeeLatte",
    "likes" : 0,
    "name" : "Nescafe Sachets Chai Coffee Latte",
    "package_price" : "$1.94 / 100G",
    "package_size" : "10pk",
    "price" : 3.29,
    "source" : "Woolies",
    "source_short" : "W",
    "stock_code" : "602854",
    "thumbnail_url" : "https://cdn0.woolworths.media/content/wowproductimages/medium/602854.jpg",
    "was_price" : 6.59
  },
  "W-602855-NescafeSachetsCoconutLatte" : {
    "brand" : "nescafe",
    "category" : "Pantry",
    "crawl_time" : 1.513115426961126E9,
    "end_promotion_date" : "12-12-2017",
    "id" : "W-602855-NescafeSachetsCoconutLatte",
    "is_available" : true,
    "is_on_special" : true,
    "is_valid" : true,
    "key" : "13-12-2017/lists/all/W-602855-NescafeSachetsCoconutLatte",
    "key_in_category_list" : "13-12-2017/lists/pantry/W-602855-NescafeSachetsCoconutLatte",
    "likes" : 1,
    "name" : "Nescafe Sachets Coconut Latte",
    "package_price" : "$1.83 / 100G",
    "package_size" : "10pk",
    "price" : 3.29,
    "source" : "Woolies",
    "source_short" : "W",
    "stock_code" : "602855",
    "thumbnail_url" : "https://cdn0.woolworths.media/content/wowproductimages/medium/602855.jpg",
    "was_price" : 6.59
  },
  "W-606057-TheGoodsLivingFermentedOriginalSauerkraut" : {
    "brand" : "the goods",
    "category" : "Dairy, Eggs & Meals",
    "crawl_time" : 1.513115839669369E9,
    "end_promotion_date" : "12-12-2017",
    "id" : "W-606057-TheGoodsLivingFermentedOriginalSauerkraut",
    "is_available" : true,
    "is_on_special" : true,
    "is_valid" : true,
    "key" : "13-12-2017/lists/all/W-606057-TheGoodsLivingFermentedOriginalSauerkraut",
    "key_in_category_list" : "13-12-2017/lists/dairy/W-606057-TheGoodsLivingFermentedOriginalSauerkraut",
    "likes" : 2,
    "name" : "The Goods Living & Fermented Original Sauerkraut",
    "package_price" : "$7.00 / 1KG",
    "package_size" : "500g",
    "price" : 3.5,
    "source" : "Woolies",
    "source_short" : "W",
    "stock_code" : "606057",
    "thumbnail_url" : "https://cdn0.woolworths.media/content/wowproductimages/medium/606057.jpg",
    "was_price" : 7.0
  },
  "W-606058-TheGoodsLivingFermentedSpicySauerkraut" : {
    "brand" : "the goods",
    "category" : "Dairy, Eggs & Meals",
    "crawl_time" : 1.513115725948405E9,
    "end_promotion_date" : "12-12-2017",
    "id" : "W-606058-TheGoodsLivingFermentedSpicySauerkraut",
    "is_available" : true,
    "is_on_special" : true,
    "is_valid" : true,
    "key" : "13-12-2017/lists/all/W-606058-TheGoodsLivingFermentedSpicySauerkraut",
    "key_in_category_list" : "13-12-2017/lists/dairy/W-606058-TheGoodsLivingFermentedSpicySauerkraut",
    "likes" : 4,
    "name" : "The Goods Living & Fermented Spicy Sauerkraut",
    "package_price" : "$7.00 / 1KG",
    "package_size" : "500g",
    "price" : 3.5,
    "source" : "Woolies",
    "source_short" : "W",
    "stock_code" : "606058",
    "thumbnail_url" : "https://cdn0.woolworths.media/content/wowproductimages/medium/606058.jpg",
    "was_price" : 7.0
  },
  "W-608711-MasterfoodsReducedSaltSugarBbqSauce" : {
    "brand" : "masterfoods",
    "category" : "Pantry",
    "crawl_time" : 1.513115440461406E9,
    "end_promotion_date" : "12-12-2017",
    "id" : "W-608711-MasterfoodsReducedSaltSugarBbqSauce",
    "is_available" : true,
    "is_on_special" : true,
    "is_valid" : true,
    "key" : "13-12-2017/lists/all/W-608711-MasterfoodsReducedSaltSugarBbqSauce",
    "key_in_category_list" : "13-12-2017/lists/pantry/W-608711-MasterfoodsReducedSaltSugarBbqSauce",
    "likes" : 3,
    "name" : "Masterfoods Reduced Salt & Sugar Bbq Sauce",
    "package_price" : "$0.31 / 100ML",
    "package_size" : "475ml",
    "price" : 1.47,
    "source" : "Woolies",
    "source_short" : "W",
    "stock_code" : "608711",
    "thumbnail_url" : "https://cdn0.woolworths.media/content/wowproductimages/medium/608711.jpg",
    "was_price" : 2.95
  },
  "W-608712-MasterfoodsReducedSaltSugarTomatoSauce" : {
    "brand" : "masterfoods",
    "category" : "Pantry",
    "crawl_time" : 1.51311557352498E9,
    "end_promotion_date" : "12-12-2017",
    "id" : "W-608712-MasterfoodsReducedSaltSugarTomatoSauce",
    "is_available" : true,
    "is_on_special" : true,
    "is_valid" : true,
    "key" : "13-12-2017/lists/all/W-608712-MasterfoodsReducedSaltSugarTomatoSauce",
    "key_in_category_list" : "13-12-2017/lists/pantry/W-608712-MasterfoodsReducedSaltSugarTomatoSauce",
    "likes" : 0,
    "name" : "Masterfoods Reduced Salt & Sugar Tomato Sauce",
    "package_price" : "$0.31 / 100ML",
    "package_size" : "475ml",
    "price" : 1.47,
    "source" : "Woolies",
    "source_short" : "W",
    "stock_code" : "608712",
    "thumbnail_url" : "https://cdn0.woolworths.media/content/wowproductimages/medium/608712.jpg",
    "was_price" : 2.95
  },
  "W-608731-InspiretcViscosebamboocottonSheetpackQbCw" : {
    "brand" : "inspire",
    "category" : "Household",
    "crawl_time" : 1.513115840886319E9,
    "end_promotion_date" : "12-12-2017",
    "id" : "W-608731-InspiretcViscosebamboocottonSheetpackQbCw",
    "is_available" : true,
    "is_on_special" : true,
    "is_valid" : true,
    "key" : "13-12-2017/lists/all/W-608731-InspiretcViscosebamboocottonSheetpackQbCw",
    "key_in_category_list" : "13-12-2017/lists/household/W-608731-InspiretcViscosebamboocottonSheetpackQbCw",
    "likes" : 0,
    "name" : "Inspire 370tc Viscose/bamboo/cotton Sheetpack Qb Cw1",
    "package_price" : "$0.00 / 0",
    "package_size" : "1ea",
    "price" : 24.5,
    "source" : "Woolies",
    "source_short" : "W",
    "stock_code" : "608731",
    "thumbnail_url" : "https://cdn0.woolworths.media/content/wowproductimages/medium/608731.jpg",
    "was_price" : 49.0
  },
  "W-608953-MyLifeBioButterySpread" : {
    "brand" : "my life",
    "category" : "Dairy, Eggs & Meals",
    "crawl_time" : 1.51311558705701E9,
    "end_promotion_date" : "12-12-2017",
    "id" : "W-608953-MyLifeBioButterySpread",
    "is_available" : true,
    "is_on_special" : true,
    "is_valid" : true,
    "key" : "13-12-2017/lists/all/W-608953-MyLifeBioButterySpread",
    "key_in_category_list" : "13-12-2017/lists/dairy/W-608953-MyLifeBioButterySpread",
    "likes" : 1,
    "name" : "My Life Bio Buttery Spread",
    "package_price" : "$10.00 / 1KG",
    "package_size" : "300g",
    "price" : 3.0,
    "source" : "Woolies",
    "source_short" : "W",
    "stock_code" : "608953",
    "thumbnail_url" : "https://cdn0.woolworths.media/content/wowproductimages/medium/608953.jpg",
    "was_price" : 6.0
  },
  "W-608986-DoveConditionerDailyCare" : {
    "brand" : "dove",
    "category" : "Health & Beauty",
    "crawl_time" : 1.513115879768194E9,
    "end_promotion_date" : "12-12-2017",
    "id" : "W-608986-DoveConditionerDailyCare",
    "is_available" : true,
    "is_on_special" : true,
    "is_valid" : true,
    "key" : "13-12-2017/lists/all/W-608986-DoveConditionerDailyCare",
    "key_in_category_list" : "13-12-2017/lists/beauty/W-608986-DoveConditionerDailyCare",
    "likes" : 0,
    "name" : "Dove Conditioner Daily Care",
    "package_price" : "$1.09 / 100ML",
    "package_size" : "320ml",
    "price" : 3.5,
    "source" : "Woolies",
    "source_short" : "W",
    "stock_code" : "608986",
    "thumbnail_url" : "https://cdn0.woolworths.media/content/wowproductimages/medium/608986.jpg",
    "was_price" : 7.0
  },
  "W-609020-DoveShampooDailyCare" : {
    "brand" : "dove",
    "category" : "Health & Beauty",
    "crawl_time" : 1.513115643012559E9,
    "end_promotion_date" : "12-12-2017",
    "id" : "W-609020-DoveShampooDailyCare",
    "is_available" : true,
    "is_on_special" : true,
    "is_valid" : true,
    "key" : "13-12-2017/lists/all/W-609020-DoveShampooDailyCare",
    "key_in_category_list" : "13-12-2017/lists/beauty/W-609020-DoveShampooDailyCare",
    "likes" : 0,
    "name" : "Dove Shampoo Daily Care",
    "package_price" : "$1.09 / 100ML",
    "package_size" : "320ml",
    "price" : 3.5,
    "source" : "Woolies",
    "source_short" : "W",
    "stock_code" : "609020",
    "thumbnail_url" : "https://cdn0.woolworths.media/content/wowproductimages/medium/609020.jpg",
    "was_price" : 7.0
  },
  "W-614350-GarnierFructisCoconutWaterShampoo" : {
    "brand" : "garnier fructis",
    "category" : "Health & Beauty",
    "crawl_time" : 1.51311568131047E9,
    "end_promotion_date" : "12-12-2017",
    "id" : "W-614350-GarnierFructisCoconutWaterShampoo",
    "is_available" : true,
    "is_on_special" : true,
    "is_valid" : true,
    "key" : "13-12-2017/lists/all/W-614350-GarnierFructisCoconutWaterShampoo",
    "key_in_category_list" : "13-12-2017/lists/beauty/W-614350-GarnierFructisCoconutWaterShampoo",
    "likes" : 0,
    "name" : "Garnier Fructis Coconut Water Shampoo",
    "package_price" : "$0.86 / 100ML",
    "package_size" : "700ml",
    "price" : 6.0,
    "source" : "Woolies",
    "source_short" : "W",
    "stock_code" : "614350",
    "thumbnail_url" : "https://cdn0.woolworths.media/content/wowproductimages/medium/614350.jpg",
    "was_price" : 12.0
  },
  "W-614351-GarnierFructisCoconutWaterConditioner" : {
    "brand" : "garnier fructis",
    "category" : "Health & Beauty",
    "crawl_time" : 1.513115326825065E9,
    "end_promotion_date" : "12-12-2017",
    "id" : "W-614351-GarnierFructisCoconutWaterConditioner",
    "is_available" : true,
    "is_on_special" : true,
    "is_valid" : true,
    "key" : "13-12-2017/lists/all/W-614351-GarnierFructisCoconutWaterConditioner",
    "key_in_category_list" : "13-12-2017/lists/beauty/W-614351-GarnierFructisCoconutWaterConditioner",
    "likes" : 0,
    "name" : "Garnier Fructis Coconut Water Conditioner",
    "package_price" : "$0.86 / 100ML",
    "package_size" : "700ml",
    "price" : 6.0,
    "source" : "Woolies",
    "source_short" : "W",
    "stock_code" : "614351",
    "thumbnail_url" : "https://cdn0.woolworths.media/content/wowproductimages/medium/614351.jpg",
    "was_price" : 12.0
  },
  "W-620060-AlwaysFreshBabyCucumbersWithChilli" : {
    "brand" : "always fresh",
    "category" : "Pantry",
    "crawl_time" : 1.513115429952636E9,
    "end_promotion_date" : "12-12-2017",
    "id" : "W-620060-AlwaysFreshBabyCucumbersWithChilli",
    "is_available" : true,
    "is_on_special" : true,
    "is_valid" : true,
    "key" : "13-12-2017/lists/all/W-620060-AlwaysFreshBabyCucumbersWithChilli",
    "key_in_category_list" : "13-12-2017/lists/pantry/W-620060-AlwaysFreshBabyCucumbersWithChilli",
    "likes" : 0,
    "name" : "Always Fresh Baby Cucumbers With Chilli ",
    "package_price" : "$0.50 / 100G",
    "package_size" : "350g",
    "price" : 1.75,
    "source" : "Woolies",
    "source_short" : "W",
    "stock_code" : "620060",
    "thumbnail_url" : "https://cdn0.woolworths.media/content/wowproductimages/medium/620060.jpg",
    "was_price" : 3.5
  },
  "W-620871-WickedSistersCreationsLamingtonWithCoconut" : {
    "brand" : "wicked sisters creations",
    "category" : "Dairy, Eggs & Meals",
    "crawl_time" : 1.513115644153016E9,
    "end_promotion_date" : "12-12-2017",
    "id" : "W-620871-WickedSistersCreationsLamingtonWithCoconut",
    "is_available" : true,
    "is_on_special" : true,
    "is_valid" : true,
    "key" : "13-12-2017/lists/all/W-620871-WickedSistersCreationsLamingtonWithCoconut",
    "key_in_category_list" : "13-12-2017/lists/dairy/W-620871-WickedSistersCreationsLamingtonWithCoconut",
    "likes" : 1,
    "name" : "Wicked Sisters Creations Lamington With Coconut",
    "package_price" : "$2.50 / 100G",
    "package_size" : "80g",
    "price" : 2.0,
    "source" : "Woolies",
    "source_short" : "W",
    "stock_code" : "620871",
    "thumbnail_url" : "https://cdn0.woolworths.media/content/wowproductimages/medium/620871.jpg",
    "was_price" : 4.0
  },
  "W-620873-WickedSistersCreationsChocProfiteroleWithCream" : {
    "brand" : "wicked sisters creations",
    "category" : "Dairy, Eggs & Meals",
    "crawl_time" : 1.513115645282591E9,
    "end_promotion_date" : "12-12-2017",
    "id" : "W-620873-WickedSistersCreationsChocProfiteroleWithCream",
    "is_available" : true,
    "is_on_special" : true,
    "is_valid" : true,
    "key" : "13-12-2017/lists/all/W-620873-WickedSistersCreationsChocProfiteroleWithCream",
    "key_in_category_list" : "13-12-2017/lists/dairy/W-620873-WickedSistersCreationsChocProfiteroleWithCream",
    "likes" : 1,
    "name" : "Wicked Sisters Creations Choc Profiterole With Cream",
    "package_price" : "$2.22 / 100G",
    "package_size" : "90g",
    "price" : 2.0,
    "source" : "Woolies",
    "source_short" : "W",
    "stock_code" : "620873",
    "thumbnail_url" : "https://cdn0.woolworths.media/content/wowproductimages/medium/620873.jpg",
    "was_price" : 4.0
  },
  "W-620874-WickedSistersCreationsMousseChocMud" : {
    "brand" : "wicked sisters creations",
    "category" : "Dairy, Eggs & Meals",
    "crawl_time" : 1.513115682456092E9,
    "end_promotion_date" : "12-12-2017",
    "id" : "W-620874-WickedSistersCreationsMousseChocMud",
    "is_available" : true,
    "is_on_special" : true,
    "is_valid" : true,
    "key" : "13-12-2017/lists/all/W-620874-WickedSistersCreationsMousseChocMud",
    "key_in_category_list" : "13-12-2017/lists/dairy/W-620874-WickedSistersCreationsMousseChocMud",
    "likes" : 2,
    "name" : "Wicked Sisters Creations Mousse Choc Mud",
    "package_price" : "$2.50 / 100G",
    "package_size" : "80g",
    "price" : 2.0,
    "source" : "Woolies",
    "source_short" : "W",
    "stock_code" : "620874",
    "thumbnail_url" : "https://cdn0.woolworths.media/content/wowproductimages/medium/620874.jpg",
    "was_price" : 4.0
  },
  "W-627312-InspiretcViscosebamboocottonPillowcases" : {
    "brand" : "inspire",
    "category" : "Other",
    "crawl_time" : 1.513115565193477E9,
    "end_promotion_date" : "12-12-2017",
    "id" : "W-627312-InspiretcViscosebamboocottonPillowcases",
    "is_available" : true,
    "is_on_special" : true,
    "is_valid" : true,
    "key" : "13-12-2017/lists/all/W-627312-InspiretcViscosebamboocottonPillowcases",
    "key_in_category_list" : "13-12-2017/lists/other/W-627312-InspiretcViscosebamboocottonPillowcases",
    "likes" : 0,
    "name" : "Inspire 370tc Viscose/bamboo/cotton Pillowcases",
    "package_price" : "$0.00 / 0",
    "package_size" : "1ea",
    "price" : 7.0,
    "source" : "Woolies",
    "source_short" : "W",
    "stock_code" : "627312",
    "thumbnail_url" : "https://cdn0.woolworths.media/content/wowproductimages/medium/627312.jpg",
    "was_price" : 14.0
  },
  "W-629525-OlayRegenMircoSculptCream" : {
    "brand" : "olay",
    "category" : "Health & Beauty",
    "crawl_time" : 1.51311547975928E9,
    "end_promotion_date" : "12-12-2017",
    "id" : "W-629525-OlayRegenMircoSculptCream",
    "is_available" : true,
    "is_on_special" : true,
    "is_valid" : true,
    "key" : "13-12-2017/lists/all/W-629525-OlayRegenMircoSculptCream",
    "key_in_category_list" : "13-12-2017/lists/beauty/W-629525-OlayRegenMircoSculptCream",
    "likes" : 0,
    "name" : "Olay Regen Mirco Sculpt Cream",
    "package_price" : "$49.00 / 100G",
    "package_size" : "50g",
    "price" : 24.5,
    "source" : "Woolies",
    "source_short" : "W",
    "stock_code" : "629525",
    "thumbnail_url" : "https://cdn0.woolworths.media/content/wowproductimages/medium/629525.jpg",
    "was_price" : 49.0
  },
  "W-629526-OlayRegenMicroSculptCreamFragranceFree" : {
    "brand" : "olay",
    "category" : "Health & Beauty",
    "crawl_time" : 1.513115437677033E9,
    "end_promotion_date" : "12-12-2017",
    "id" : "W-629526-OlayRegenMicroSculptCreamFragranceFree",
    "is_available" : true,
    "is_on_special" : true,
    "is_valid" : true,
    "key" : "13-12-2017/lists/all/W-629526-OlayRegenMicroSculptCreamFragranceFree",
    "key_in_category_list" : "13-12-2017/lists/beauty/W-629526-OlayRegenMicroSculptCreamFragranceFree",
    "likes" : 0,
    "name" : "Olay Regen Micro Sculpt Cream Fragrance Free",
    "package_price" : "$51.04 / 100G",
    "package_size" : "48g",
    "price" : 24.5,
    "source" : "Woolies",
    "source_short" : "W",
    "stock_code" : "629526",
    "thumbnail_url" : "https://cdn0.woolworths.media/content/wowproductimages/medium/629526.jpg",
    "was_price" : 49.0
  },
  "W-629527-OlayTotalEffectsNightCream" : {
    "brand" : "olay",
    "category" : "Health & Beauty",
    "crawl_time" : 1.513115582008031E9,
    "end_promotion_date" : "12-12-2017",
    "id" : "W-629527-OlayTotalEffectsNightCream",
    "is_available" : true,
    "is_on_special" : true,
    "is_valid" : true,
    "key" : "13-12-2017/lists/all/W-629527-OlayTotalEffectsNightCream",
    "key_in_category_list" : "13-12-2017/lists/beauty/W-629527-OlayTotalEffectsNightCream",
    "likes" : 0,
    "name" : "Olay Total Effects Night Cream",
    "package_price" : "$34.00 / 100G",
    "package_size" : "50g",
    "price" : 17.0,
    "source" : "Woolies",
    "source_short" : "W",
    "stock_code" : "629527",
    "thumbnail_url" : "https://cdn0.woolworths.media/content/wowproductimages/medium/629527.jpg",
    "was_price" : 34.0
  },
  "W-629582-OlayRegeneristLuminousCream" : {
    "brand" : "olay",
    "category" : "Health & Beauty",
    "crawl_time" : 1.513115286685015E9,
    "end_promotion_date" : "12-12-2017",
    "id" : "W-629582-OlayRegeneristLuminousCream",
    "is_available" : true,
    "is_on_special" : true,
    "is_valid" : true,
    "key" : "13-12-2017/lists/all/W-629582-OlayRegeneristLuminousCream",
    "key_in_category_list" : "13-12-2017/lists/beauty/W-629582-OlayRegeneristLuminousCream",
    "likes" : 1,
    "name" : "Olay Regenerist Luminous Cream",
    "package_price" : "$49.00 / 100G",
    "package_size" : "50g",
    "price" : 24.5,
    "source" : "Woolies",
    "source_short" : "W",
    "stock_code" : "629582",
    "thumbnail_url" : "https://cdn0.woolworths.media/content/wowproductimages/medium/629582.jpg",
    "was_price" : 49.0
  },
  "W-629583-OlayRegeneristNightCream" : {
    "brand" : "olay",
    "category" : "Health & Beauty",
    "crawl_time" : 1.513115731752009E9,
    "end_promotion_date" : "12-12-2017",
    "id" : "W-629583-OlayRegeneristNightCream",
    "is_available" : true,
    "is_on_special" : true,
    "is_valid" : true,
    "key" : "13-12-2017/lists/all/W-629583-OlayRegeneristNightCream",
    "key_in_category_list" : "13-12-2017/lists/beauty/W-629583-OlayRegeneristNightCream",
    "likes" : 0,
    "name" : "Olay Regenerist Night Cream",
    "package_price" : "$33.50 / 100G",
    "package_size" : "50g",
    "price" : 16.75,
    "source" : "Woolies",
    "source_short" : "W",
    "stock_code" : "629583",
    "thumbnail_url" : "https://cdn0.woolworths.media/content/wowproductimages/medium/629583.jpg",
    "was_price" : 33.5
  },
  "W-633600-OlayRegeneristDetoxScrub" : {
    "brand" : "olay",
    "category" : "Health & Beauty",
    "crawl_time" : 1.513115569940277E9,
    "end_promotion_date" : "12-12-2017",
    "id" : "W-633600-OlayRegeneristDetoxScrub",
    "is_available" : true,
    "is_on_special" : true,
    "is_valid" : true,
    "key" : "13-12-2017/lists/all/W-633600-OlayRegeneristDetoxScrub",
    "key_in_category_list" : "13-12-2017/lists/beauty/W-633600-OlayRegeneristDetoxScrub",
    "likes" : 1,
    "name" : "Olay Regenerist Detox Scrub",
    "package_price" : "$5.00 / 100ML",
    "package_size" : "150ml",
    "price" : 7.5,
    "source" : "Woolies",
    "source_short" : "W",
    "stock_code" : "633600",
    "thumbnail_url" : "https://cdn0.woolworths.media/content/wowproductimages/medium/633600.jpg",
    "was_price" : 15.0
  },
  "W-633601-OlayTotalEffectsCitrusScrub" : {
    "brand" : "olay",
    "category" : "Health & Beauty",
    "crawl_time" : 1.513115843543447E9,
    "end_promotion_date" : "12-12-2017",
    "id" : "W-633601-OlayTotalEffectsCitrusScrub",
    "is_available" : true,
    "is_on_special" : true,
    "is_valid" : true,
    "key" : "13-12-2017/lists/all/W-633601-OlayTotalEffectsCitrusScrub",
    "key_in_category_list" : "13-12-2017/lists/beauty/W-633601-OlayTotalEffectsCitrusScrub",
    "likes" : 1,
    "name" : "Olay Total Effects Citrus Scrub",
    "package_price" : "$4.67 / 100ML",
    "package_size" : "150ml",
    "price" : 7.0,
    "source" : "Woolies",
    "source_short" : "W",
    "stock_code" : "633601",
    "thumbnail_url" : "https://cdn0.woolworths.media/content/wowproductimages/medium/633601.jpg",
    "was_price" : 14.0
  },
  "W-634748-DecorMatchupsGlassRound" : {
    "brand" : "decor",
    "category" : "Household",
    "crawl_time" : 1.513115724827934E9,
    "end_promotion_date" : "12-12-2017",
    "id" : "W-634748-DecorMatchupsGlassRound",
    "is_available" : true,
    "is_on_special" : true,
    "is_valid" : true,
    "key" : "13-12-2017/lists/all/W-634748-DecorMatchupsGlassRound",
    "key_in_category_list" : "13-12-2017/lists/household/W-634748-DecorMatchupsGlassRound",
    "likes" : 6,
    "name" : "Decor Match-ups Glass Round",
    "package_price" : "$0.00 / 0",
    "package_size" : "750ml",
    "price" : 5.49,
    "source" : "Woolies",
    "source_short" : "W",
    "stock_code" : "634748",
    "thumbnail_url" : "https://cdn0.woolworths.media/content/wowproductimages/medium/634748.jpg",
    "was_price" : 10.99
  },
  "W-634834-DecorMatchupsGlassRound" : {
    "brand" : "decor",
    "category" : "Household",
    "crawl_time" : 1.513115599274838E9,
    "end_promotion_date" : "12-12-2017",
    "id" : "W-634834-DecorMatchupsGlassRound",
    "is_available" : true,
    "is_on_special" : true,
    "is_valid" : true,
    "key" : "13-12-2017/lists/all/W-634834-DecorMatchupsGlassRound",
    "key_in_category_list" : "13-12-2017/lists/household/W-634834-DecorMatchupsGlassRound",
    "likes" : 3,
    "name" : "Decor Match-ups Glass Round",
    "package_price" : "$0.00 / 0",
    "package_size" : "1.5l",
    "price" : 7.49,
    "source" : "Woolies",
    "source_short" : "W",
    "stock_code" : "634834",
    "thumbnail_url" : "https://cdn0.woolworths.media/content/wowproductimages/medium/634834.jpg",
    "was_price" : 14.99
  },
  "W-635321-BullaCreamyClassicsFrozenCustard" : {
    "brand" : "bulla",
    "category" : "Frozen",
    "crawl_time" : 1.513115769924639E9,
    "end_promotion_date" : "12-12-2017",
    "id" : "W-635321-BullaCreamyClassicsFrozenCustard",
    "is_available" : true,
    "is_on_special" : true,
    "is_valid" : true,
    "key" : "13-12-2017/lists/all/W-635321-BullaCreamyClassicsFrozenCustard",
    "key_in_category_list" : "13-12-2017/lists/frozen/W-635321-BullaCreamyClassicsFrozenCustard",
    "likes" : 4,
    "name" : "Bulla Creamy Classics Frozen Custard",
    "package_price" : "$0.40 / 100ML",
    "package_size" : "1l",
    "price" : 4.0,
    "source" : "Woolies",
    "source_short" : "W",
    "stock_code" : "635321",
    "thumbnail_url" : "https://cdn0.woolworths.media/content/wowproductimages/medium/635321.jpg",
    "was_price" : 8.0
  },
  "W-635388-BullaCreamyClassicsFrozenChocolateCustard" : {
    "brand" : "bulla",
    "category" : "Frozen",
    "crawl_time" : 1.513115881074401E9,
    "end_promotion_date" : "12-12-2017",
    "id" : "W-635388-BullaCreamyClassicsFrozenChocolateCustard",
    "is_available" : true,
    "is_on_special" : true,
    "is_valid" : true,
    "key" : "13-12-2017/lists/all/W-635388-BullaCreamyClassicsFrozenChocolateCustard",
    "key_in_category_list" : "13-12-2017/lists/frozen/W-635388-BullaCreamyClassicsFrozenChocolateCustard",
    "likes" : 3,
    "name" : "Bulla Creamy Classics Frozen Chocolate Custard",
    "package_price" : "$0.40 / 100ML",
    "package_size" : "1l",
    "price" : 4.0,
    "source" : "Woolies",
    "source_short" : "W",
    "stock_code" : "635388",
    "thumbnail_url" : "https://cdn0.woolworths.media/content/wowproductimages/medium/635388.jpg",
    "was_price" : 8.0
  },
  "W-635574-BullaCreamyClassicsFrozenCaramelCustard" : {
    "brand" : "bulla",
    "category" : "Frozen",
    "crawl_time" : 1.513115646426132E9,
    "end_promotion_date" : "12-12-2017",
    "id" : "W-635574-BullaCreamyClassicsFrozenCaramelCustard",
    "is_available" : true,
    "is_on_special" : true,
    "is_valid" : true,
    "key" : "13-12-2017/lists/all/W-635574-BullaCreamyClassicsFrozenCaramelCustard",
    "key_in_category_list" : "13-12-2017/lists/frozen/W-635574-BullaCreamyClassicsFrozenCaramelCustard",
    "likes" : 2,
    "name" : "Bulla Creamy Classics Frozen Caramel Custard",
    "package_price" : "$0.40 / 100ML",
    "package_size" : "1l",
    "price" : 4.0,
    "source" : "Woolies",
    "source_short" : "W",
    "stock_code" : "635574",
    "thumbnail_url" : "https://cdn0.woolworths.media/content/wowproductimages/medium/635574.jpg",
    "was_price" : 8.0
  },
  "W-635587-BullaCrunchBananaSplits" : {
    "brand" : "bulla crunch",
    "category" : "Frozen",
    "crawl_time" : 1.513115463141E9,
    "end_promotion_date" : "12-12-2017",
    "id" : "W-635587-BullaCrunchBananaSplits",
    "is_available" : true,
    "is_on_special" : true,
    "is_valid" : true,
    "key" : "13-12-2017/lists/all/W-635587-BullaCrunchBananaSplits",
    "key_in_category_list" : "13-12-2017/lists/frozen/W-635587-BullaCrunchBananaSplits",
    "likes" : 5,
    "name" : "Bulla Crunch Banana Splits ",
    "package_price" : "$0.54 / 100ML",
    "package_size" : "8pk 631ml",
    "price" : 3.4,
    "source" : "Woolies",
    "source_short" : "W",
    "stock_code" : "635587",
    "thumbnail_url" : "https://cdn0.woolworths.media/content/wowproductimages/medium/635587.jpg",
    "was_price" : 6.8
  },
  "W-637158-LiptonInfusedWaterCucumberMint" : {
    "brand" : "lipton",
    "category" : "Drinks",
    "crawl_time" : 1.513115619444336E9,
    "end_promotion_date" : "12-12-2017",
    "id" : "W-637158-LiptonInfusedWaterCucumberMint",
    "is_available" : true,
    "is_on_special" : true,
    "is_valid" : true,
    "key" : "13-12-2017/lists/all/W-637158-LiptonInfusedWaterCucumberMint",
    "key_in_category_list" : "13-12-2017/lists/drinks/W-637158-LiptonInfusedWaterCucumberMint",
    "likes" : 0,
    "name" : "Lipton Infused Water Cucumber & Mint",
    "package_price" : "$1.17 / 1L",
    "package_size" : "1.5l",
    "price" : 1.75,
    "source" : "Woolies",
    "source_short" : "W",
    "stock_code" : "637158",
    "thumbnail_url" : "https://cdn0.woolworths.media/content/wowproductimages/medium/637158.jpg",
    "was_price" : 3.65
  },
  "W-637412-LiptonInfusedWaterWatermelon" : {
    "brand" : "lipton",
    "category" : "Drinks",
    "crawl_time" : 1.513115493090122E9,
    "end_promotion_date" : "12-12-2017",
    "id" : "W-637412-LiptonInfusedWaterWatermelon",
    "is_available" : true,
    "is_on_special" : true,
    "is_valid" : true,
    "key" : "13-12-2017/lists/all/W-637412-LiptonInfusedWaterWatermelon",
    "key_in_category_list" : "13-12-2017/lists/drinks/W-637412-LiptonInfusedWaterWatermelon",
    "likes" : 0,
    "name" : "Lipton Infused Water Watermelon",
    "package_price" : "$1.17 / 1L",
    "package_size" : "1.5l",
    "price" : 1.75,
    "source" : "Woolies",
    "source_short" : "W",
    "stock_code" : "637412",
    "thumbnail_url" : "https://cdn0.woolworths.media/content/wowproductimages/medium/637412.jpg",
    "was_price" : 3.65
  },
  "W-638693-BullaWatermelonPineappleBlackcurrantSplits" : {
    "brand" : "bulla",
    "category" : "Frozen",
    "crawl_time" : 1.513115563957023E9,
    "end_promotion_date" : "12-12-2017",
    "id" : "W-638693-BullaWatermelonPineappleBlackcurrantSplits",
    "is_available" : true,
    "is_on_special" : true,
    "is_valid" : true,
    "key" : "13-12-2017/lists/all/W-638693-BullaWatermelonPineappleBlackcurrantSplits",
    "key_in_category_list" : "13-12-2017/lists/frozen/W-638693-BullaWatermelonPineappleBlackcurrantSplits",
    "likes" : 1,
    "name" : "Bulla Watermelon Pineapple & Blackcurrant Splits",
    "package_price" : "$0.45 / 100ML",
    "package_size" : "10pk 750ml",
    "price" : 3.4,
    "source" : "Woolies",
    "source_short" : "W",
    "stock_code" : "638693",
    "thumbnail_url" : "https://cdn0.woolworths.media/content/wowproductimages/medium/638693.jpg",
    "was_price" : 6.8
  },
  "W-640820-VegeChipsDeliCrispsHummus" : {
    "brand" : "vege chips",
    "category" : "Pantry",
    "crawl_time" : 1.513115562764756E9,
    "end_promotion_date" : "12-12-2017",
    "id" : "W-640820-VegeChipsDeliCrispsHummus",
    "is_available" : true,
    "is_on_special" : true,
    "is_valid" : true,
    "key" : "13-12-2017/lists/all/W-640820-VegeChipsDeliCrispsHummus",
    "key_in_category_list" : "13-12-2017/lists/pantry/W-640820-VegeChipsDeliCrispsHummus",
    "likes" : 3,
    "name" : "Vege Chips Deli Crisps Hummus",
    "package_price" : "$2.49 / 100G",
    "package_size" : "100g",
    "price" : 2.49,
    "source" : "Woolies",
    "source_short" : "W",
    "stock_code" : "640820",
    "thumbnail_url" : "https://cdn0.woolworths.media/content/wowproductimages/medium/640820.jpg",
    "was_price" : 4.99
  },
  "W-641004-LindtLindorChristmasTreeTin" : {
    "brand" : "lindt lindor",
    "category" : "Household",
    "crawl_time" : 1.513115647577021E9,
    "end_promotion_date" : "12-12-2017",
    "id" : "W-641004-LindtLindorChristmasTreeTin",
    "is_available" : true,
    "is_on_special" : true,
    "is_valid" : true,
    "key" : "13-12-2017/lists/all/W-641004-LindtLindorChristmasTreeTin",
    "key_in_category_list" : "13-12-2017/lists/household/W-641004-LindtLindorChristmasTreeTin",
    "likes" : 4,
    "name" : "Lindt Lindor Christmas Tree Tin",
    "package_price" : "$2.97 / 100G",
    "package_size" : "455g",
    "price" : 13.5,
    "source" : "Woolies",
    "source_short" : "W",
    "stock_code" : "641004",
    "thumbnail_url" : "https://cdn0.woolworths.media/content/wowproductimages/medium/641004.jpg",
    "was_price" : 30.0
  },
  "W-641258-VegeChipsDeliCrispsPurpleSweetPotato" : {
    "brand" : "vege chips",
    "category" : "Pantry",
    "crawl_time" : 1.513115838291585E9,
    "end_promotion_date" : "12-12-2017",
    "id" : "W-641258-VegeChipsDeliCrispsPurpleSweetPotato",
    "is_available" : true,
    "is_on_special" : true,
    "is_valid" : true,
    "key" : "13-12-2017/lists/all/W-641258-VegeChipsDeliCrispsPurpleSweetPotato",
    "key_in_category_list" : "13-12-2017/lists/pantry/W-641258-VegeChipsDeliCrispsPurpleSweetPotato",
    "likes" : 2,
    "name" : "Vege Chips Deli Crisps Purple Sweet Potato",
    "package_price" : "$2.49 / 100G",
    "package_size" : "100g",
    "price" : 2.49,
    "source" : "Woolies",
    "source_short" : "W",
    "stock_code" : "641258",
    "thumbnail_url" : "https://cdn0.woolworths.media/content/wowproductimages/medium/641258.jpg",
    "was_price" : 4.99
  },
  "W-641523-VegeChipsDeliCrispsOriginal" : {
    "brand" : "vege chips",
    "category" : "Pantry",
    "crawl_time" : 1.513115595653031E9,
    "end_promotion_date" : "12-12-2017",
    "id" : "W-641523-VegeChipsDeliCrispsOriginal",
    "is_available" : true,
    "is_on_special" : true,
    "is_valid" : true,
    "key" : "13-12-2017/lists/all/W-641523-VegeChipsDeliCrispsOriginal",
    "key_in_category_list" : "13-12-2017/lists/pantry/W-641523-VegeChipsDeliCrispsOriginal",
    "likes" : 2,
    "name" : "Vege Chips Deli Crisps Original",
    "package_price" : "$2.49 / 100G",
    "package_size" : "100g",
    "price" : 2.49,
    "source" : "Woolies",
    "source_short" : "W",
    "stock_code" : "641523",
    "thumbnail_url" : "https://cdn0.woolworths.media/content/wowproductimages/medium/641523.jpg",
    "was_price" : 4.99
  },
  "W-654497-MamaChowKoreanBeefDumplings" : {
    "brand" : "mama chow",
    "category" : "Frozen",
    "crawl_time" : 1.51311568382328E9,
    "end_promotion_date" : "12-12-2017",
    "id" : "W-654497-MamaChowKoreanBeefDumplings",
    "is_available" : true,
    "is_on_special" : true,
    "is_valid" : true,
    "key" : "13-12-2017/lists/all/W-654497-MamaChowKoreanBeefDumplings",
    "key_in_category_list" : "13-12-2017/lists/frozen/W-654497-MamaChowKoreanBeefDumplings",
    "likes" : 0,
    "name" : "Mama Chow Korean Beef Dumplings",
    "package_price" : "$1.50 / 100G",
    "package_size" : "200g",
    "price" : 3.0,
    "source" : "Woolies",
    "source_short" : "W",
    "stock_code" : "654497",
    "thumbnail_url" : "https://cdn0.woolworths.media/content/wowproductimages/medium/654497.jpg",
    "was_price" : 6.0
  },
  "W-657419-MarsBarTwixBar" : {
    "brand" : "mars bar",
    "category" : "Pantry",
    "crawl_time" : 1.51311564873182E9,
    "end_promotion_date" : "12-12-2017",
    "id" : "W-657419-MarsBarTwixBar",
    "is_available" : true,
    "is_on_special" : true,
    "is_valid" : true,
    "key" : "13-12-2017/lists/all/W-657419-MarsBarTwixBar",
    "key_in_category_list" : "13-12-2017/lists/pantry/W-657419-MarsBarTwixBar",
    "likes" : 0,
    "name" : "Mars Bar Twix Bar",
    "package_price" : "$2.00 / 100G",
    "package_size" : "50g",
    "price" : 1.0,
    "source" : "Woolies",
    "source_short" : "W",
    "stock_code" : "657419",
    "thumbnail_url" : "https://cdn0.woolworths.media/content/wowproductimages/medium/657419.jpg",
    "was_price" : 2.0
  },
  "W-659368-SwisseUltiviteEffervescentMultivitamin" : {
    "brand" : "swisse",
    "category" : "Health & Beauty",
    "crawl_time" : 1.51311566591759E9,
    "end_promotion_date" : "12-12-2017",
    "id" : "W-659368-SwisseUltiviteEffervescentMultivitamin",
    "is_available" : true,
    "is_on_special" : true,
    "is_valid" : true,
    "key" : "13-12-2017/lists/all/W-659368-SwisseUltiviteEffervescentMultivitamin",
    "key_in_category_list" : "13-12-2017/lists/beauty/W-659368-SwisseUltiviteEffervescentMultivitamin",
    "likes" : 1,
    "name" : "Swisse Ultivite Effervescent Multivitamin",
    "package_price" : "$25.00 / 100EA",
    "package_size" : "60pk",
    "price" : 15.0,
    "source" : "Woolies",
    "source_short" : "W",
    "stock_code" : "659368",
    "thumbnail_url" : "https://cdn0.woolworths.media/content/wowproductimages/medium/659368.jpg",
    "was_price" : 30.0
  },
  "W-659884-ExplorerToughWorkSockspk" : {
    "brand" : "explorer",
    "category" : "Other",
    "crawl_time" : 1.513115475130884E9,
    "end_promotion_date" : "12-12-2017",
    "id" : "W-659884-ExplorerToughWorkSockspk",
    "is_available" : true,
    "is_on_special" : true,
    "is_valid" : true,
    "key" : "13-12-2017/lists/all/W-659884-ExplorerToughWorkSockspk",
    "key_in_category_list" : "13-12-2017/lists/other/W-659884-ExplorerToughWorkSockspk",
    "likes" : 1,
    "name" : "Explorer Tough Work Socks 1pk",
    "package_price" : "$0.00 / 0",
    "package_size" : "1ea",
    "price" : 5.0,
    "source" : "Woolies",
    "source_short" : "W",
    "stock_code" : "659884",
    "thumbnail_url" : "https://cdn0.woolworths.media/content/wowproductimages/medium/659884.jpg",
    "was_price" : 10.0
  },
  "W-659888-BondsGuyFrontTrunkSizeM" : {
    "brand" : "bonds",
    "category" : "Other",
    "crawl_time" : 1.513115484520254E9,
    "end_promotion_date" : "12-12-2017",
    "id" : "W-659888-BondsGuyFrontTrunkSizeM",
    "is_available" : true,
    "is_on_special" : true,
    "is_valid" : true,
    "key" : "13-12-2017/lists/all/W-659888-BondsGuyFrontTrunkSizeM",
    "key_in_category_list" : "13-12-2017/lists/other/W-659888-BondsGuyFrontTrunkSizeM",
    "likes" : 0,
    "name" : "Bonds Guy Front Trunk Size M",
    "package_price" : "$0.00 / 0",
    "package_size" : "each",
    "price" : 12.0,
    "source" : "Woolies",
    "source_short" : "W",
    "stock_code" : "659888",
    "thumbnail_url" : "https://cdn0.woolworths.media/content/wowproductimages/medium/659888.jpg",
    "was_price" : 24.0
  },
  "W-659889-BondsGuyFrontTrunkSizeL" : {
    "brand" : "bonds",
    "category" : "Other",
    "crawl_time" : 1.513115376147689E9,
    "end_promotion_date" : "12-12-2017",
    "id" : "W-659889-BondsGuyFrontTrunkSizeL",
    "is_available" : true,
    "is_on_special" : true,
    "is_valid" : true,
    "key" : "13-12-2017/lists/all/W-659889-BondsGuyFrontTrunkSizeL",
    "key_in_category_list" : "13-12-2017/lists/other/W-659889-BondsGuyFrontTrunkSizeL",
    "likes" : 0,
    "name" : "Bonds Guy Front Trunk Size L",
    "package_price" : "$0.00 / 0",
    "package_size" : "each",
    "price" : 12.0,
    "source" : "Woolies",
    "source_short" : "W",
    "stock_code" : "659889",
    "thumbnail_url" : "https://cdn0.woolworths.media/content/wowproductimages/medium/659889.jpg",
    "was_price" : 24.0
  },
  "W-659902-TyrrellsVegCrisps" : {
    "brand" : "tyrrell's",
    "category" : "Pantry",
    "crawl_time" : 1.51311561280696E9,
    "end_promotion_date" : "12-12-2017",
    "id" : "W-659902-TyrrellsVegCrisps",
    "is_available" : true,
    "is_on_special" : true,
    "is_valid" : true,
    "key" : "13-12-2017/lists/all/W-659902-TyrrellsVegCrisps",
    "key_in_category_list" : "13-12-2017/lists/pantry/W-659902-TyrrellsVegCrisps",
    "likes" : 6,
    "name" : "Tyrrell's Veg Crisps ",
    "package_price" : "$1.87 / 100G",
    "package_size" : "120g",
    "price" : 2.24,
    "source" : "Woolies",
    "source_short" : "W",
    "stock_code" : "659902",
    "thumbnail_url" : "https://cdn0.woolworths.media/content/wowproductimages/medium/659902.jpg",
    "was_price" : 4.49
  },
  "W-660182-BondsFullBriefComfytailsSideSeamFreeSize" : {
    "brand" : "bonds",
    "category" : "Household",
    "crawl_time" : 1.513115346020073E9,
    "end_promotion_date" : "12-12-2017",
    "id" : "W-660182-BondsFullBriefComfytailsSideSeamFreeSize",
    "is_available" : true,
    "is_on_special" : true,
    "is_valid" : true,
    "key" : "13-12-2017/lists/all/W-660182-BondsFullBriefComfytailsSideSeamFreeSize",
    "key_in_category_list" : "13-12-2017/lists/household/W-660182-BondsFullBriefComfytailsSideSeamFreeSize",
    "likes" : 0,
    "name" : "Bonds Full Brief Comfytails Side Seam Free Size 14",
    "package_price" : "$0.00 / 0",
    "package_size" : "2pk",
    "price" : 11.0,
    "source" : "Woolies",
    "source_short" : "W",
    "stock_code" : "660182",
    "thumbnail_url" : "https://cdn0.woolworths.media/content/wowproductimages/medium/660182.jpg",
    "was_price" : 22.0
  },
  "W-660185-BondsFullBriefComfytailsSideSeamFreeSize" : {
    "brand" : "bonds",
    "category" : "Household",
    "crawl_time" : 1.513115453878628E9,
    "end_promotion_date" : "12-12-2017",
    "id" : "W-660185-BondsFullBriefComfytailsSideSeamFreeSize",
    "is_available" : true,
    "is_on_special" : true,
    "is_valid" : true,
    "key" : "13-12-2017/lists/all/W-660185-BondsFullBriefComfytailsSideSeamFreeSize",
    "key_in_category_list" : "13-12-2017/lists/household/W-660185-BondsFullBriefComfytailsSideSeamFreeSize",
    "likes" : 0,
    "name" : "Bonds Full Brief Comfytails Side Seam Free Size 16",
    "package_price" : "$0.00 / 0",
    "package_size" : "2pk",
    "price" : 11.0,
    "source" : "Woolies",
    "source_short" : "W",
    "stock_code" : "660185",
    "thumbnail_url" : "https://cdn0.woolworths.media/content/wowproductimages/medium/660185.jpg",
    "was_price" : 22.0
  },
  "W-660225-BondsFullBriefComfytailsSideSeamFreeSize" : {
    "brand" : "bonds",
    "category" : "Household",
    "crawl_time" : 1.513115320116953E9,
    "end_promotion_date" : "12-12-2017",
    "id" : "W-660225-BondsFullBriefComfytailsSideSeamFreeSize",
    "is_available" : true,
    "is_on_special" : true,
    "is_valid" : true,
    "key" : "13-12-2017/lists/all/W-660225-BondsFullBriefComfytailsSideSeamFreeSize",
    "key_in_category_list" : "13-12-2017/lists/household/W-660225-BondsFullBriefComfytailsSideSeamFreeSize",
    "likes" : 0,
    "name" : "Bonds Full Brief Comfytails Side Seam Free Size 10",
    "package_price" : "$0.00 / 0",
    "package_size" : "2pk",
    "price" : 11.0,
    "source" : "Woolies",
    "source_short" : "W",
    "stock_code" : "660225",
    "thumbnail_url" : "https://cdn0.woolworths.media/content/wowproductimages/medium/660225.jpg",
    "was_price" : 22.0
  },
  "W-660239-BondsFullBriefComfytailsSideSeamFreeSize" : {
    "brand" : "bonds",
    "category" : "Other",
    "crawl_time" : 1.513115882198035E9,
    "end_promotion_date" : "12-12-2017",
    "id" : "W-660239-BondsFullBriefComfytailsSideSeamFreeSize",
    "is_available" : true,
    "is_on_special" : true,
    "is_valid" : true,
    "key" : "13-12-2017/lists/all/W-660239-BondsFullBriefComfytailsSideSeamFreeSize",
    "key_in_category_list" : "13-12-2017/lists/other/W-660239-BondsFullBriefComfytailsSideSeamFreeSize",
    "likes" : 0,
    "name" : "Bonds Full Brief Comfytails Side Seam Free Size 12",
    "package_price" : "$0.00 / 0",
    "package_size" : "2pk",
    "price" : 11.0,
    "source" : "Woolies",
    "source_short" : "W",
    "stock_code" : "660239",
    "thumbnail_url" : "https://cdn0.woolworths.media/content/wowproductimages/medium/660239.jpg",
    "was_price" : 22.0
  },
  "W-660291-GrainWavesPlusBeetrootSweetChillyJam" : {
    "brand" : "grain waves",
    "category" : "Pantry",
    "crawl_time" : 1.513115737787727E9,
    "end_promotion_date" : "12-12-2017",
    "id" : "W-660291-GrainWavesPlusBeetrootSweetChillyJam",
    "is_available" : true,
    "is_on_special" : true,
    "is_valid" : true,
    "key" : "13-12-2017/lists/all/W-660291-GrainWavesPlusBeetrootSweetChillyJam",
    "key_in_category_list" : "13-12-2017/lists/pantry/W-660291-GrainWavesPlusBeetrootSweetChillyJam",
    "likes" : 1,
    "name" : "Grain Waves Plus Beetroot Sweet Chilly Jam",
    "package_price" : "$1.11 / 100G",
    "package_size" : "180g",
    "price" : 2.0,
    "source" : "Woolies",
    "source_short" : "W",
    "stock_code" : "660291",
    "thumbnail_url" : "https://cdn0.woolworths.media/content/wowproductimages/medium/660291.jpg",
    "was_price" : 4.0
  },
  "W-660323-GrainWavesPlusSweetPotatoCreamCheeseAndHerb" : {
    "brand" : "grain waves",
    "category" : "Pantry",
    "crawl_time" : 1.513115488008142E9,
    "end_promotion_date" : "12-12-2017",
    "id" : "W-660323-GrainWavesPlusSweetPotatoCreamCheeseAndHerb",
    "is_available" : true,
    "is_on_special" : true,
    "is_valid" : true,
    "key" : "13-12-2017/lists/all/W-660323-GrainWavesPlusSweetPotatoCreamCheeseAndHerb",
    "key_in_category_list" : "13-12-2017/lists/pantry/W-660323-GrainWavesPlusSweetPotatoCreamCheeseAndHerb",
    "likes" : 3,
    "name" : "Grain Waves Plus Sweet Potato Cream Cheese And Herb",
    "package_price" : "$1.11 / 100G",
    "package_size" : "180g",
    "price" : 2.0,
    "source" : "Woolies",
    "source_short" : "W",
    "stock_code" : "660323",
    "thumbnail_url" : "https://cdn0.woolworths.media/content/wowproductimages/medium/660323.jpg",
    "was_price" : 4.0
  },
  "W-660325-GrainWavesPlusSweetPotatoHoneyAndRosemary" : {
    "brand" : "grain waves",
    "category" : "Pantry",
    "crawl_time" : 1.513115808202966E9,
    "end_promotion_date" : "12-12-2017",
    "id" : "W-660325-GrainWavesPlusSweetPotatoHoneyAndRosemary",
    "is_available" : true,
    "is_on_special" : true,
    "is_valid" : true,
    "key" : "13-12-2017/lists/all/W-660325-GrainWavesPlusSweetPotatoHoneyAndRosemary",
    "key_in_category_list" : "13-12-2017/lists/pantry/W-660325-GrainWavesPlusSweetPotatoHoneyAndRosemary",
    "likes" : 4,
    "name" : "Grain Waves Plus Sweet Potato Honey And Rosemary",
    "package_price" : "$1.11 / 100G",
    "package_size" : "180g",
    "price" : 2.0,
    "source" : "Woolies",
    "source_short" : "W",
    "stock_code" : "660325",
    "thumbnail_url" : "https://cdn0.woolworths.media/content/wowproductimages/medium/660325.jpg",
    "was_price" : 4.0
  },
  "W-660454-TyrrellsHandcookedWorcestershireSundriedTomatoCrisps" : {
    "brand" : "tyrrells",
    "category" : "Pantry",
    "crawl_time" : 1.51311588355647E9,
    "end_promotion_date" : "12-12-2017",
    "id" : "W-660454-TyrrellsHandcookedWorcestershireSundriedTomatoCrisps",
    "is_available" : true,
    "is_on_special" : true,
    "is_valid" : true,
    "key" : "13-12-2017/lists/all/W-660454-TyrrellsHandcookedWorcestershireSundriedTomatoCrisps",
    "key_in_category_list" : "13-12-2017/lists/pantry/W-660454-TyrrellsHandcookedWorcestershireSundriedTomatoCrisps",
    "likes" : 0,
    "name" : "Tyrrells Hand-cooked Worcestershire & Sundried Tomato Crisps",
    "package_price" : "$1.36 / 100G",
    "package_size" : "165g",
    "price" : 2.24,
    "source" : "Woolies",
    "source_short" : "W",
    "stock_code" : "660454",
    "thumbnail_url" : "https://cdn0.woolworths.media/content/wowproductimages/medium/660454.jpg",
    "was_price" : 4.49
  },
  "W-661507-DoveStrengthenRitualShampoo" : {
    "brand" : "dove",
    "category" : "Health & Beauty",
    "crawl_time" : 1.513115312656461E9,
    "end_promotion_date" : "12-12-2017",
    "id" : "W-661507-DoveStrengthenRitualShampoo",
    "is_available" : true,
    "is_on_special" : true,
    "is_valid" : true,
    "key" : "13-12-2017/lists/all/W-661507-DoveStrengthenRitualShampoo",
    "key_in_category_list" : "13-12-2017/lists/beauty/W-661507-DoveStrengthenRitualShampoo",
    "likes" : 0,
    "name" : "Dove Strengthen Ritual Shampoo",
    "package_price" : "$1.09 / 100ML",
    "package_size" : "320ml",
    "price" : 3.5,
    "source" : "Woolies",
    "source_short" : "W",
    "stock_code" : "661507",
    "thumbnail_url" : "https://cdn0.woolworths.media/content/wowproductimages/medium/661507.jpg",
    "was_price" : 7.0
  },
  "W-661508-DoveVolumisingRitualShampoo" : {
    "brand" : "dove",
    "category" : "Health & Beauty",
    "crawl_time" : 1.513115457532149E9,
    "end_promotion_date" : "12-12-2017",
    "id" : "W-661508-DoveVolumisingRitualShampoo",
    "is_available" : true,
    "is_on_special" : true,
    "is_valid" : true,
    "key" : "13-12-2017/lists/all/W-661508-DoveVolumisingRitualShampoo",
    "key_in_category_list" : "13-12-2017/lists/beauty/W-661508-DoveVolumisingRitualShampoo",
    "likes" : 0,
    "name" : "Dove Volumising Ritual Shampoo",
    "package_price" : "$1.09 / 100ML",
    "package_size" : "320ml",
    "price" : 3.5,
    "source" : "Woolies",
    "source_short" : "W",
    "stock_code" : "661508",
    "thumbnail_url" : "https://cdn0.woolworths.media/content/wowproductimages/medium/661508.jpg",
    "was_price" : 7.0
  },
  "W-661634-DoveRestoringRitualShampoo" : {
    "brand" : "dove",
    "category" : "Health & Beauty",
    "crawl_time" : 1.51311557958116E9,
    "end_promotion_date" : "12-12-2017",
    "id" : "W-661634-DoveRestoringRitualShampoo",
    "is_available" : true,
    "is_on_special" : true,
    "is_valid" : true,
    "key" : "13-12-2017/lists/all/W-661634-DoveRestoringRitualShampoo",
    "key_in_category_list" : "13-12-2017/lists/beauty/W-661634-DoveRestoringRitualShampoo",
    "likes" : 0,
    "name" : "Dove Restoring Ritual Shampoo",
    "package_price" : "$1.09 / 100ML",
    "package_size" : "320ml",
    "price" : 3.5,
    "source" : "Woolies",
    "source_short" : "W",
    "stock_code" : "661634",
    "thumbnail_url" : "https://cdn0.woolworths.media/content/wowproductimages/medium/661634.jpg",
    "was_price" : 7.0
  },
  "W-661636-DoveStrengthenRitualConditioner" : {
    "brand" : "dove",
    "category" : "Health & Beauty",
    "crawl_time" : 1.513115649867399E9,
    "end_promotion_date" : "12-12-2017",
    "id" : "W-661636-DoveStrengthenRitualConditioner",
    "is_available" : true,
    "is_on_special" : true,
    "is_valid" : true,
    "key" : "13-12-2017/lists/all/W-661636-DoveStrengthenRitualConditioner",
    "key_in_category_list" : "13-12-2017/lists/beauty/W-661636-DoveStrengthenRitualConditioner",
    "likes" : 0,
    "name" : "Dove Strengthen Ritual Conditioner",
    "package_price" : "$1.09 / 100ML",
    "package_size" : "320ml",
    "price" : 3.5,
    "source" : "Woolies",
    "source_short" : "W",
    "stock_code" : "661636",
    "thumbnail_url" : "https://cdn0.woolworths.media/content/wowproductimages/medium/661636.jpg",
    "was_price" : 7.0
  },
  "W-661637-DoveVolumisingRitualConditioner" : {
    "brand" : "dove",
    "category" : "Health & Beauty",
    "crawl_time" : 1.513115528812668E9,
    "end_promotion_date" : "12-12-2017",
    "id" : "W-661637-DoveVolumisingRitualConditioner",
    "is_available" : true,
    "is_on_special" : true,
    "is_valid" : true,
    "key" : "13-12-2017/lists/all/W-661637-DoveVolumisingRitualConditioner",
    "key_in_category_list" : "13-12-2017/lists/beauty/W-661637-DoveVolumisingRitualConditioner",
    "likes" : 0,
    "name" : "Dove Volumising Ritual Conditioner",
    "package_price" : "$1.09 / 100ML",
    "package_size" : "320ml",
    "price" : 3.5,
    "source" : "Woolies",
    "source_short" : "W",
    "stock_code" : "661637",
    "thumbnail_url" : "https://cdn0.woolworths.media/content/wowproductimages/medium/661637.jpg",
    "was_price" : 7.0
  },
  "W-661640-DoveRestoringRitualConditioner" : {
    "brand" : "dove",
    "category" : "Health & Beauty",
    "crawl_time" : 1.513115771226536E9,
    "end_promotion_date" : "12-12-2017",
    "id" : "W-661640-DoveRestoringRitualConditioner",
    "is_available" : true,
    "is_on_special" : true,
    "is_valid" : true,
    "key" : "13-12-2017/lists/all/W-661640-DoveRestoringRitualConditioner",
    "key_in_category_list" : "13-12-2017/lists/beauty/W-661640-DoveRestoringRitualConditioner",
    "likes" : 3,
    "name" : "Dove Restoring Ritual Conditioner",
    "package_price" : "$1.09 / 100ML",
    "package_size" : "320ml",
    "price" : 3.5,
    "source" : "Woolies",
    "source_short" : "W",
    "stock_code" : "661640",
    "thumbnail_url" : "https://cdn0.woolworths.media/content/wowproductimages/medium/661640.jpg",
    "was_price" : 7.0
  },
  "W-661793-OlayDayNightDuoGiftPack" : {
    "brand" : "olay",
    "category" : "Health & Beauty",
    "crawl_time" : 1.513115772336131E9,
    "end_promotion_date" : "12-12-2017",
    "id" : "W-661793-OlayDayNightDuoGiftPack",
    "is_available" : true,
    "is_on_special" : true,
    "is_valid" : true,
    "key" : "13-12-2017/lists/all/W-661793-OlayDayNightDuoGiftPack",
    "key_in_category_list" : "13-12-2017/lists/beauty/W-661793-OlayDayNightDuoGiftPack",
    "likes" : 3,
    "name" : "Olay Day & Night Duo Gift Pack",
    "package_price" : "$17.50 / 1EA",
    "package_size" : "each",
    "price" : 17.5,
    "source" : "Woolies",
    "source_short" : "W",
    "stock_code" : "661793",
    "thumbnail_url" : "https://cdn0.woolworths.media/content/wowproductimages/medium/661793.jpg",
    "was_price" : 35.0
  },
  "W-662192-LiptonGreenMintLineIceTea" : {
    "brand" : "lipton",
    "category" : "Drinks",
    "crawl_time" : 1.513115494286376E9,
    "end_promotion_date" : "12-12-2017",
    "id" : "W-662192-LiptonGreenMintLineIceTea",
    "is_available" : true,
    "is_on_special" : true,
    "is_valid" : true,
    "key" : "13-12-2017/lists/all/W-662192-LiptonGreenMintLineIceTea",
    "key_in_category_list" : "13-12-2017/lists/drinks/W-662192-LiptonGreenMintLineIceTea",
    "likes" : 0,
    "name" : "Lipton Green Mint Line Ice Tea",
    "package_price" : "$1.26 / 1L",
    "package_size" : "1.5l",
    "price" : 1.89,
    "source" : "Woolies",
    "source_short" : "W",
    "stock_code" : "662192",
    "thumbnail_url" : "https://cdn0.woolworths.media/content/wowproductimages/medium/662192.jpg",
    "was_price" : 3.9
  },
  "W-662341-NestleMiniSmartiesBits" : {
    "brand" : "nestle",
    "category" : "Pantry",
    "crawl_time" : 1.513115679917622E9,
    "end_promotion_date" : "12-12-2017",
    "id" : "W-662341-NestleMiniSmartiesBits",
    "is_available" : true,
    "is_on_special" : true,
    "is_valid" : true,
    "key" : "13-12-2017/lists/all/W-662341-NestleMiniSmartiesBits",
    "key_in_category_list" : "13-12-2017/lists/pantry/W-662341-NestleMiniSmartiesBits",
    "likes" : 2,
    "name" : "Nestle Mini Smarties Bits",
    "package_price" : "$1.33 / 100G",
    "package_size" : "150g",
    "price" : 2.0,
    "source" : "Woolies",
    "source_short" : "W",
    "stock_code" : "662341",
    "thumbnail_url" : "https://cdn0.woolworths.media/content/wowproductimages/medium/662341.jpg",
    "was_price" : 4.0
  },
  "W-662394-LorealElviveFibralogyConditioner" : {
    "brand" : "loreal elvive",
    "category" : "Health & Beauty",
    "crawl_time" : 1.513115584388442E9,
    "end_promotion_date" : "12-12-2017",
    "id" : "W-662394-LorealElviveFibralogyConditioner",
    "is_available" : true,
    "is_on_special" : true,
    "is_valid" : true,
    "key" : "13-12-2017/lists/all/W-662394-LorealElviveFibralogyConditioner",
    "key_in_category_list" : "13-12-2017/lists/beauty/W-662394-LorealElviveFibralogyConditioner",
    "likes" : 1,
    "name" : "Loreal Elvive Fibralogy Conditioner",
    "package_price" : "$1.23 / 100ML",
    "package_size" : "325ml",
    "price" : 4.0,
    "source" : "Woolies",
    "source_short" : "W",
    "stock_code" : "662394",
    "thumbnail_url" : "https://cdn0.woolworths.media/content/wowproductimages/medium/662394.jpg",
    "was_price" : 8.0
  },
  "W-662396-LorealElviveCpConditioner" : {
    "brand" : "loreal elvive",
    "category" : "Health & Beauty",
    "crawl_time" : 1.513115826399945E9,
    "end_promotion_date" : "12-12-2017",
    "id" : "W-662396-LorealElviveCpConditioner",
    "is_available" : true,
    "is_on_special" : true,
    "is_valid" : true,
    "key" : "13-12-2017/lists/all/W-662396-LorealElviveCpConditioner",
    "key_in_category_list" : "13-12-2017/lists/beauty/W-662396-LorealElviveCpConditioner",
    "likes" : 1,
    "name" : "Loreal Elvive Cp Conditioner",
    "package_price" : "$1.23 / 100ML",
    "package_size" : "325ml",
    "price" : 4.0,
    "source" : "Woolies",
    "source_short" : "W",
    "stock_code" : "662396",
    "thumbnail_url" : "https://cdn0.woolworths.media/content/wowproductimages/medium/662396.jpg",
    "was_price" : 8.0
  },
  "W-662403-LorealElviveFibralogyShampoo" : {
    "brand" : "loreal elvive",
    "category" : "Health & Beauty",
    "crawl_time" : 1.513115428350303E9,
    "end_promotion_date" : "12-12-2017",
    "id" : "W-662403-LorealElviveFibralogyShampoo",
    "is_available" : true,
    "is_on_special" : true,
    "is_valid" : true,
    "key" : "13-12-2017/lists/all/W-662403-LorealElviveFibralogyShampoo",
    "key_in_category_list" : "13-12-2017/lists/beauty/W-662403-LorealElviveFibralogyShampoo",
    "likes" : 0,
    "name" : "Loreal Elvive Fibralogy Shampoo",
    "package_price" : "$1.23 / 100ML",
    "package_size" : "325ml",
    "price" : 4.0,
    "source" : "Woolies",
    "source_short" : "W",
    "stock_code" : "662403",
    "thumbnail_url" : "https://cdn0.woolworths.media/content/wowproductimages/medium/662403.jpg",
    "was_price" : 8.0
  },
  "W-662407-LorealElviveCpShampoo" : {
    "brand" : "loreal elvive",
    "category" : "Health & Beauty",
    "crawl_time" : 1.513115302471997E9,
    "end_promotion_date" : "12-12-2017",
    "id" : "W-662407-LorealElviveCpShampoo",
    "is_available" : true,
    "is_on_special" : true,
    "is_valid" : true,
    "key" : "13-12-2017/lists/all/W-662407-LorealElviveCpShampoo",
    "key_in_category_list" : "13-12-2017/lists/beauty/W-662407-LorealElviveCpShampoo",
    "likes" : 0,
    "name" : "Loreal Elvive Cp Shampoo",
    "package_price" : "$1.23 / 100ML",
    "package_size" : "325ml",
    "price" : 4.0,
    "source" : "Woolies",
    "source_short" : "W",
    "stock_code" : "662407",
    "thumbnail_url" : "https://cdn0.woolworths.media/content/wowproductimages/medium/662407.jpg",
    "was_price" : 8.0
  },
  "W-662408-LorealElviveClayShampoo" : {
    "brand" : "loreal elvive",
    "category" : "Health & Beauty",
    "crawl_time" : 1.513115797139097E9,
    "end_promotion_date" : "12-12-2017",
    "id" : "W-662408-LorealElviveClayShampoo",
    "is_available" : true,
    "is_on_special" : true,
    "is_valid" : true,
    "key" : "13-12-2017/lists/all/W-662408-LorealElviveClayShampoo",
    "key_in_category_list" : "13-12-2017/lists/beauty/W-662408-LorealElviveClayShampoo",
    "likes" : 0,
    "name" : "Loreal Elvive Clay Shampoo",
    "package_price" : "$1.23 / 100ML",
    "package_size" : "325ml",
    "price" : 4.0,
    "source" : "Woolies",
    "source_short" : "W",
    "stock_code" : "662408",
    "thumbnail_url" : "https://cdn0.woolworths.media/content/wowproductimages/medium/662408.jpg",
    "was_price" : 8.0
  },
  "W-662409-LorealElviveClayConditioner" : {
    "brand" : "loreal elvive",
    "category" : "Health & Beauty",
    "crawl_time" : 1.513115560418676E9,
    "end_promotion_date" : "12-12-2017",
    "id" : "W-662409-LorealElviveClayConditioner",
    "is_available" : true,
    "is_on_special" : true,
    "is_valid" : true,
    "key" : "13-12-2017/lists/all/W-662409-LorealElviveClayConditioner",
    "key_in_category_list" : "13-12-2017/lists/beauty/W-662409-LorealElviveClayConditioner",
    "likes" : 2,
    "name" : "Loreal Elvive Clay Conditioner",
    "package_price" : "$1.23 / 100ML",
    "package_size" : "325ml",
    "price" : 4.0,
    "source" : "Woolies",
    "source_short" : "W",
    "stock_code" : "662409",
    "thumbnail_url" : "https://cdn0.woolworths.media/content/wowproductimages/medium/662409.jpg",
    "was_price" : 8.0
  },
  "W-662421-LorealElviveTotalRepairShampoo" : {
    "brand" : "loreal elvive",
    "category" : "Health & Beauty",
    "crawl_time" : 1.513115450433495E9,
    "end_promotion_date" : "12-12-2017",
    "id" : "W-662421-LorealElviveTotalRepairShampoo",
    "is_available" : true,
    "is_on_special" : true,
    "is_valid" : true,
    "key" : "13-12-2017/lists/all/W-662421-LorealElviveTotalRepairShampoo",
    "key_in_category_list" : "13-12-2017/lists/beauty/W-662421-LorealElviveTotalRepairShampoo",
    "likes" : 0,
    "name" : "Loreal Elvive Total Repair Shampoo",
    "package_price" : "$1.23 / 100ML",
    "package_size" : "325ml",
    "price" : 4.0,
    "source" : "Woolies",
    "source_short" : "W",
    "stock_code" : "662421",
    "thumbnail_url" : "https://cdn0.woolworths.media/content/wowproductimages/medium/662421.jpg",
    "was_price" : 8.0
  },
  "W-662430-LorealElviveTotalRepairConditioner" : {
    "brand" : "loreal elvive",
    "category" : "Health & Beauty",
    "crawl_time" : 1.513115585507844E9,
    "end_promotion_date" : "12-12-2017",
    "id" : "W-662430-LorealElviveTotalRepairConditioner",
    "is_available" : true,
    "is_on_special" : true,
    "is_valid" : true,
    "key" : "13-12-2017/lists/all/W-662430-LorealElviveTotalRepairConditioner",
    "key_in_category_list" : "13-12-2017/lists/beauty/W-662430-LorealElviveTotalRepairConditioner",
    "likes" : 2,
    "name" : "Loreal Elvive Total Repair Conditioner",
    "package_price" : "$1.23 / 100ML",
    "package_size" : "325ml",
    "price" : 4.0,
    "source" : "Woolies",
    "source_short" : "W",
    "stock_code" : "662430",
    "thumbnail_url" : "https://cdn0.woolworths.media/content/wowproductimages/medium/662430.jpg",
    "was_price" : 8.0
  },
  "W-662432-LorealElviveExOilShampoo" : {
    "brand" : "loreal elvive",
    "category" : "Health & Beauty",
    "crawl_time" : 1.513115650976061E9,
    "end_promotion_date" : "12-12-2017",
    "id" : "W-662432-LorealElviveExOilShampoo",
    "is_available" : true,
    "is_on_special" : true,
    "is_valid" : true,
    "key" : "13-12-2017/lists/all/W-662432-LorealElviveExOilShampoo",
    "key_in_category_list" : "13-12-2017/lists/beauty/W-662432-LorealElviveExOilShampoo",
    "likes" : 2,
    "name" : "Loreal Elvive Ex Oil Shampoo",
    "package_price" : "$1.23 / 100ML",
    "package_size" : "325ml",
    "price" : 4.0,
    "source" : "Woolies",
    "source_short" : "W",
    "stock_code" : "662432",
    "thumbnail_url" : "https://cdn0.woolworths.media/content/wowproductimages/medium/662432.jpg",
    "was_price" : 8.0
  },
  "W-662433-LorealElviveExOilConditioner" : {
    "brand" : "loreal elvive",
    "category" : "Health & Beauty",
    "crawl_time" : 1.513115589651689E9,
    "end_promotion_date" : "12-12-2017",
    "id" : "W-662433-LorealElviveExOilConditioner",
    "is_available" : true,
    "is_on_special" : true,
    "is_valid" : true,
    "key" : "13-12-2017/lists/all/W-662433-LorealElviveExOilConditioner",
    "key_in_category_list" : "13-12-2017/lists/beauty/W-662433-LorealElviveExOilConditioner",
    "likes" : 3,
    "name" : "Loreal Elvive Ex Oil Conditioner",
    "package_price" : "$1.23 / 100ML",
    "package_size" : "325ml",
    "price" : 4.0,
    "source" : "Woolies",
    "source_short" : "W",
    "stock_code" : "662433",
    "thumbnail_url" : "https://cdn0.woolworths.media/content/wowproductimages/medium/662433.jpg",
    "was_price" : 8.0
  },
  "W-663678-PepesFrozenDuckNo" : {
    "brand" : "pepes",
    "category" : "Frozen",
    "crawl_time" : 1.513115605349193E9,
    "end_promotion_date" : "12-12-2017",
    "id" : "W-663678-PepesFrozenDuckNo",
    "is_available" : true,
    "is_on_special" : true,
    "is_valid" : true,
    "key" : "13-12-2017/lists/all/W-663678-PepesFrozenDuckNo",
    "key_in_category_list" : "13-12-2017/lists/frozen/W-663678-PepesFrozenDuckNo",
    "likes" : 3,
    "name" : "Pepes Frozen Duck No25",
    "package_price" : "$5.20 / 1KG",
    "package_size" : "2.5kg",
    "price" : 12.99,
    "source" : "Woolies",
    "source_short" : "W",
    "stock_code" : "663678",
    "thumbnail_url" : "https://cdn0.woolworths.media/content/wowproductimages/medium/663678.jpg",
    "was_price" : 25.99
  },
  "W-663728-LiptonIceGreenTeaJasmineLycheeFlavour" : {
    "brand" : "lipton",
    "category" : "Drinks",
    "crawl_time" : 1.513115529935825E9,
    "end_promotion_date" : "12-12-2017",
    "id" : "W-663728-LiptonIceGreenTeaJasmineLycheeFlavour",
    "is_available" : true,
    "is_on_special" : true,
    "is_valid" : true,
    "key" : "13-12-2017/lists/all/W-663728-LiptonIceGreenTeaJasmineLycheeFlavour",
    "key_in_category_list" : "13-12-2017/lists/drinks/W-663728-LiptonIceGreenTeaJasmineLycheeFlavour",
    "likes" : 0,
    "name" : "Lipton Ice Green Tea Jasmine Lychee Flavour",
    "package_price" : "$1.26 / 1L",
    "package_size" : "1.5l",
    "price" : 1.89,
    "source" : "Woolies",
    "source_short" : "W",
    "stock_code" : "663728",
    "thumbnail_url" : "https://cdn0.woolworths.media/content/wowproductimages/medium/663728.jpg",
    "was_price" : 3.9
  },
  "W-706911-FujiSuperAlkalineAaBatteries" : {
    "brand" : "fuji super alkaline",
    "category" : "Household",
    "crawl_time" : 1.513115309030971E9,
    "end_promotion_date" : "12-12-2017",
    "id" : "W-706911-FujiSuperAlkalineAaBatteries",
    "is_available" : true,
    "is_on_special" : true,
    "is_valid" : true,
    "key" : "13-12-2017/lists/all/W-706911-FujiSuperAlkalineAaBatteries",
    "key_in_category_list" : "13-12-2017/lists/household/W-706911-FujiSuperAlkalineAaBatteries",
    "likes" : 3,
    "name" : "Fuji Super Alkaline Aa Batteries ",
    "package_price" : "$0.50 / 1EA",
    "package_size" : "4pk",
    "price" : 2.0,
    "source" : "Woolies",
    "source_short" : "W",
    "stock_code" : "706911",
    "thumbnail_url" : "https://cdn0.woolworths.media/content/wowproductimages/medium/706911.jpg",
    "was_price" : 4.0
  },
  "W-706925-FujiSuperAlkalineAaaBatteries" : {
    "brand" : "fuji super alkaline",
    "category" : "Household",
    "crawl_time" : 1.513115704430881E9,
    "end_promotion_date" : "12-12-2017",
    "id" : "W-706925-FujiSuperAlkalineAaaBatteries",
    "is_available" : true,
    "is_on_special" : true,
    "is_valid" : true,
    "key" : "13-12-2017/lists/all/W-706925-FujiSuperAlkalineAaaBatteries",
    "key_in_category_list" : "13-12-2017/lists/household/W-706925-FujiSuperAlkalineAaaBatteries",
    "likes" : 2,
    "name" : "Fuji Super Alkaline Aaa Batteries ",
    "package_price" : "$0.50 / 1EA",
    "package_size" : "4pk",
    "price" : 2.0,
    "source" : "Woolies",
    "source_short" : "W",
    "stock_code" : "706925",
    "thumbnail_url" : "https://cdn0.woolworths.media/content/wowproductimages/medium/706925.jpg",
    "was_price" : 4.0
  },
  "W-710411-DecorThermoglassBakingDishOblong" : {
    "brand" : "decor thermoglass",
    "category" : "Household",
    "crawl_time" : 1.51311538119607E9,
    "end_promotion_date" : "12-12-2017",
    "id" : "W-710411-DecorThermoglassBakingDishOblong",
    "is_available" : true,
    "is_on_special" : true,
    "is_valid" : true,
    "key" : "13-12-2017/lists/all/W-710411-DecorThermoglassBakingDishOblong",
    "key_in_category_list" : "13-12-2017/lists/household/W-710411-DecorThermoglassBakingDishOblong",
    "likes" : 1,
    "name" : "Decor Thermoglass Baking Dish Oblong",
    "package_price" : "$0.00 / 0",
    "package_size" : "1l",
    "price" : 6.99,
    "source" : "Woolies",
    "source_short" : "W",
    "stock_code" : "710411",
    "thumbnail_url" : "https://cdn0.woolworths.media/content/wowproductimages/medium/710411.jpg",
    "was_price" : 13.99
  },
  "W-710420-DecorThermoglassRealsealOblongBakingDish" : {
    "brand" : "decor thermoglass",
    "category" : "Household",
    "crawl_time" : 1.513115486867939E9,
    "end_promotion_date" : "12-12-2017",
    "id" : "W-710420-DecorThermoglassRealsealOblongBakingDish",
    "is_available" : true,
    "is_on_special" : true,
    "is_valid" : true,
    "key" : "13-12-2017/lists/all/W-710420-DecorThermoglassRealsealOblongBakingDish",
    "key_in_category_list" : "13-12-2017/lists/household/W-710420-DecorThermoglassRealsealOblongBakingDish",
    "likes" : 2,
    "name" : "Decor Thermoglass Realseal Oblong Baking Dish",
    "package_price" : "$0.00 / 0",
    "package_size" : "3l",
    "price" : 12.49,
    "source" : "Woolies",
    "source_short" : "W",
    "stock_code" : "710420",
    "thumbnail_url" : "https://cdn0.woolworths.media/content/wowproductimages/medium/710420.jpg",
    "was_price" : 24.99
  },
  "W-715661-OlayCompleteTouchOfFoundationDayCreamMedium" : {
    "brand" : "olay",
    "category" : "Health & Beauty",
    "crawl_time" : 1.513115798489372E9,
    "end_promotion_date" : "12-12-2017",
    "id" : "W-715661-OlayCompleteTouchOfFoundationDayCreamMedium",
    "is_available" : true,
    "is_on_special" : true,
    "is_valid" : true,
    "key" : "13-12-2017/lists/all/W-715661-OlayCompleteTouchOfFoundationDayCreamMedium",
    "key_in_category_list" : "13-12-2017/lists/beauty/W-715661-OlayCompleteTouchOfFoundationDayCreamMedium",
    "likes" : 0,
    "name" : "Olay Complete Touch Of Foundation Day Cream Medium",
    "package_price" : "$14.98 / 100ML",
    "package_size" : "50ml",
    "price" : 7.49,
    "source" : "Woolies",
    "source_short" : "W",
    "stock_code" : "715661",
    "thumbnail_url" : "https://cdn0.woolworths.media/content/wowproductimages/medium/715661.jpg",
    "was_price" : 14.99
  },
  "W-715678-OlayCompleteTouchOfFoundationDayCreamFair" : {
    "brand" : "olay",
    "category" : "Health & Beauty",
    "crawl_time" : 1.513115292755792E9,
    "end_promotion_date" : "12-12-2017",
    "id" : "W-715678-OlayCompleteTouchOfFoundationDayCreamFair",
    "is_available" : true,
    "is_on_special" : true,
    "is_valid" : true,
    "key" : "13-12-2017/lists/all/W-715678-OlayCompleteTouchOfFoundationDayCreamFair",
    "key_in_category_list" : "13-12-2017/lists/beauty/W-715678-OlayCompleteTouchOfFoundationDayCreamFair",
    "likes" : 2,
    "name" : "Olay Complete Touch Of Foundation Day Cream Fair",
    "package_price" : "$14.98 / 100ML",
    "package_size" : "50ml",
    "price" : 7.49,
    "source" : "Woolies",
    "source_short" : "W",
    "stock_code" : "715678",
    "thumbnail_url" : "https://cdn0.woolworths.media/content/wowproductimages/medium/715678.jpg",
    "was_price" : 14.99
  },
  "W-725834-SwisseHighStrengthVitaminCEffervescent" : {
    "brand" : "swisse",
    "category" : "Health & Beauty",
    "crawl_time" : 1.513115668183568E9,
    "end_promotion_date" : "12-12-2017",
    "id" : "W-725834-SwisseHighStrengthVitaminCEffervescent",
    "is_available" : true,
    "is_on_special" : true,
    "is_valid" : true,
    "key" : "13-12-2017/lists/all/W-725834-SwisseHighStrengthVitaminCEffervescent",
    "key_in_category_list" : "13-12-2017/lists/beauty/W-725834-SwisseHighStrengthVitaminCEffervescent",
    "likes" : 1,
    "name" : "Swisse High Strength Vitamin C Effervescent",
    "package_price" : "$25.00 / 100EA",
    "package_size" : "60pk",
    "price" : 15.0,
    "source" : "Woolies",
    "source_short" : "W",
    "stock_code" : "725834",
    "thumbnail_url" : "https://cdn0.woolworths.media/content/wowproductimages/medium/725834.jpg",
    "was_price" : 30.0
  },
  "W-726195-SchwarzkopfExtraCareShampooMarrakeshOil" : {
    "brand" : "schwarzkopf extra care",
    "category" : "Health & Beauty",
    "crawl_time" : 1.513115652188998E9,
    "end_promotion_date" : "12-12-2017",
    "id" : "W-726195-SchwarzkopfExtraCareShampooMarrakeshOil",
    "is_available" : true,
    "is_on_special" : true,
    "is_valid" : true,
    "key" : "13-12-2017/lists/all/W-726195-SchwarzkopfExtraCareShampooMarrakeshOil",
    "key_in_category_list" : "13-12-2017/lists/beauty/W-726195-SchwarzkopfExtraCareShampooMarrakeshOil",
    "likes" : 2,
    "name" : "Schwarzkopf Extra Care Shampoo Marrakesh Oil",
    "package_price" : "$0.86 / 100ML",
    "package_size" : "400ml",
    "price" : 3.44,
    "source" : "Woolies",
    "source_short" : "W",
    "stock_code" : "726195",
    "thumbnail_url" : "https://cdn0.woolworths.media/content/wowproductimages/medium/726195.jpg",
    "was_price" : 6.9
  },
  "W-726202-SchwarzkopfExtraCareConditionerMarrakeshOil" : {
    "brand" : "schwarzkopf extra care",
    "category" : "Health & Beauty",
    "crawl_time" : 1.513115561604878E9,
    "end_promotion_date" : "12-12-2017",
    "id" : "W-726202-SchwarzkopfExtraCareConditionerMarrakeshOil",
    "is_available" : true,
    "is_on_special" : true,
    "is_valid" : true,
    "key" : "13-12-2017/lists/all/W-726202-SchwarzkopfExtraCareConditionerMarrakeshOil",
    "key_in_category_list" : "13-12-2017/lists/beauty/W-726202-SchwarzkopfExtraCareConditionerMarrakeshOil",
    "likes" : 3,
    "name" : "Schwarzkopf Extra Care Conditioner Marrakesh Oil",
    "package_price" : "$0.86 / 100ML",
    "package_size" : "400ml",
    "price" : 3.44,
    "source" : "Woolies",
    "source_short" : "W",
    "stock_code" : "726202",
    "thumbnail_url" : "https://cdn0.woolworths.media/content/wowproductimages/medium/726202.jpg",
    "was_price" : 6.9
  },
  "W-728371-SchickHydroSilkRazorKit" : {
    "brand" : "schick hydro silk",
    "category" : "Health & Beauty",
    "crawl_time" : 1.513115773488924E9,
    "end_promotion_date" : "12-12-2017",
    "id" : "W-728371-SchickHydroSilkRazorKit",
    "is_available" : true,
    "is_on_special" : true,
    "is_valid" : true,
    "key" : "13-12-2017/lists/all/W-728371-SchickHydroSilkRazorKit",
    "key_in_category_list" : "13-12-2017/lists/beauty/W-728371-SchickHydroSilkRazorKit",
    "likes" : 2,
    "name" : "Schick Hydro Silk Razor Kit",
    "package_price" : "$0.00 / 0",
    "package_size" : "1pk",
    "price" : 7.25,
    "source" : "Woolies",
    "source_short" : "W",
    "stock_code" : "728371",
    "thumbnail_url" : "https://cdn0.woolworths.media/content/wowproductimages/medium/728371.jpg",
    "was_price" : 14.5
  },
  "W-729147-MarsMaltesers" : {
    "brand" : "mars",
    "category" : "Pantry",
    "crawl_time" : 1.513115531082207E9,
    "end_promotion_date" : "12-12-2017",
    "id" : "W-729147-MarsMaltesers",
    "is_available" : true,
    "is_on_special" : true,
    "is_valid" : true,
    "key" : "13-12-2017/lists/all/W-729147-MarsMaltesers",
    "key_in_category_list" : "13-12-2017/lists/pantry/W-729147-MarsMaltesers",
    "likes" : 2,
    "name" : "Mars Maltesers ",
    "package_price" : "$1.39 / 100G",
    "package_size" : "360g gift box",
    "price" : 5.0,
    "source" : "Woolies",
    "source_short" : "W",
    "stock_code" : "729147",
    "thumbnail_url" : "https://cdn0.woolworths.media/content/wowproductimages/medium/729147.jpg",
    "was_price" : 10.0
  },
  "W-729640-MorteinAutoInsectControlSystemOdourless" : {
    "brand" : "mortein",
    "category" : "Household",
    "crawl_time" : 1.513115458650737E9,
    "end_promotion_date" : "12-12-2017",
    "id" : "W-729640-MorteinAutoInsectControlSystemOdourless",
    "is_available" : true,
    "is_on_special" : true,
    "is_valid" : true,
    "key" : "13-12-2017/lists/all/W-729640-MorteinAutoInsectControlSystemOdourless",
    "key_in_category_list" : "13-12-2017/lists/household/W-729640-MorteinAutoInsectControlSystemOdourless",
    "likes" : 2,
    "name" : "Mortein Auto Insect Control System Odourless",
    "package_price" : "$9.74 / 100G",
    "package_size" : "154g",
    "price" : 15.0,
    "source" : "Woolies",
    "source_short" : "W",
    "stock_code" : "729640",
    "thumbnail_url" : "https://cdn0.woolworths.media/content/wowproductimages/medium/729640.jpg",
    "was_price" : 30.0
  },
  "W-729687-BinBuddyInsectControlCitrusZing" : {
    "brand" : "bin buddy",
    "category" : "Household",
    "crawl_time" : 1.513115281282778E9,
    "end_promotion_date" : "12-12-2017",
    "id" : "W-729687-BinBuddyInsectControlCitrusZing",
    "is_available" : true,
    "is_on_special" : true,
    "is_valid" : true,
    "key" : "13-12-2017/lists/all/W-729687-BinBuddyInsectControlCitrusZing",
    "key_in_category_list" : "13-12-2017/lists/household/W-729687-BinBuddyInsectControlCitrusZing",
    "likes" : 2,
    "name" : "Bin Buddy Insect Control Citrus Zing",
    "package_price" : "$1.10 / 100G",
    "package_size" : "450g",
    "price" : 4.97,
    "source" : "Woolies",
    "source_short" : "W",
    "stock_code" : "729687",
    "thumbnail_url" : "https://cdn0.woolworths.media/content/wowproductimages/medium/729687.jpg",
    "was_price" : 9.95
  },
  "W-733745-MotherSugarFreeEnergyDrink" : {
    "brand" : "mother",
    "category" : "Drinks",
    "crawl_time" : 1.513115789915011E9,
    "end_promotion_date" : "12-12-2017",
    "id" : "W-733745-MotherSugarFreeEnergyDrink",
    "is_available" : true,
    "is_on_special" : true,
    "is_valid" : true,
    "key" : "13-12-2017/lists/all/W-733745-MotherSugarFreeEnergyDrink",
    "key_in_category_list" : "13-12-2017/lists/drinks/W-733745-MotherSugarFreeEnergyDrink",
    "likes" : 0,
    "name" : "Mother Sugar Free Energy Drink",
    "package_price" : "$3.03 / 1L",
    "package_size" : "4x500ml",
    "price" : 6.05,
    "source" : "Woolies",
    "source_short" : "W",
    "stock_code" : "733745",
    "thumbnail_url" : "https://cdn0.woolworths.media/content/wowproductimages/medium/733745.jpg",
    "was_price" : 11.75
  },
  "W-738508-GarnierFructisShampooNormal" : {
    "brand" : "garnier fructis",
    "category" : "Health & Beauty",
    "crawl_time" : 1.513115774612974E9,
    "end_promotion_date" : "12-12-2017",
    "id" : "W-738508-GarnierFructisShampooNormal",
    "is_available" : true,
    "is_on_special" : true,
    "is_valid" : true,
    "key" : "13-12-2017/lists/all/W-738508-GarnierFructisShampooNormal",
    "key_in_category_list" : "13-12-2017/lists/beauty/W-738508-GarnierFructisShampooNormal",
    "likes" : 0,
    "name" : "Garnier Fructis Shampoo Normal",
    "package_price" : "$0.86 / 100ML",
    "package_size" : "700ml",
    "price" : 6.0,
    "source" : "Woolies",
    "source_short" : "W",
    "stock_code" : "738508",
    "thumbnail_url" : "https://cdn0.woolworths.media/content/wowproductimages/medium/738508.jpg",
    "was_price" : 12.0
  },
  "W-738555-GarnierFructisConditionerNormal" : {
    "brand" : "garnier fructis",
    "category" : "Health & Beauty",
    "crawl_time" : 1.513115776000825E9,
    "end_promotion_date" : "12-12-2017",
    "id" : "W-738555-GarnierFructisConditionerNormal",
    "is_available" : true,
    "is_on_special" : true,
    "is_valid" : true,
    "key" : "13-12-2017/lists/all/W-738555-GarnierFructisConditionerNormal",
    "key_in_category_list" : "13-12-2017/lists/beauty/W-738555-GarnierFructisConditionerNormal",
    "likes" : 0,
    "name" : "Garnier Fructis Conditioner Normal",
    "package_price" : "$0.86 / 100ML",
    "package_size" : "700ml",
    "price" : 6.0,
    "source" : "Woolies",
    "source_short" : "W",
    "stock_code" : "738555",
    "thumbnail_url" : "https://cdn0.woolworths.media/content/wowproductimages/medium/738555.jpg",
    "was_price" : 12.0
  },
  "W-738565-GarnierFructisConditionerNutriRepair" : {
    "brand" : "garnier fructis",
    "category" : "Health & Beauty",
    "crawl_time" : 1.513115678789445E9,
    "end_promotion_date" : "12-12-2017",
    "id" : "W-738565-GarnierFructisConditionerNutriRepair",
    "is_available" : true,
    "is_on_special" : true,
    "is_valid" : true,
    "key" : "13-12-2017/lists/all/W-738565-GarnierFructisConditionerNutriRepair",
    "key_in_category_list" : "13-12-2017/lists/beauty/W-738565-GarnierFructisConditionerNutriRepair",
    "likes" : 0,
    "name" : "Garnier Fructis Conditioner Nutri Repair 3",
    "package_price" : "$0.86 / 100ML",
    "package_size" : "700ml",
    "price" : 6.0,
    "source" : "Woolies",
    "source_short" : "W",
    "stock_code" : "738565",
    "thumbnail_url" : "https://cdn0.woolworths.media/content/wowproductimages/medium/738565.jpg",
    "was_price" : 12.0
  },
  "W-738592-GarnierFructisShampooNutriRepair" : {
    "brand" : "garnier fructis",
    "category" : "Health & Beauty",
    "crawl_time" : 1.513115777161224E9,
    "end_promotion_date" : "12-12-2017",
    "id" : "W-738592-GarnierFructisShampooNutriRepair",
    "is_available" : true,
    "is_on_special" : true,
    "is_valid" : true,
    "key" : "13-12-2017/lists/all/W-738592-GarnierFructisShampooNutriRepair",
    "key_in_category_list" : "13-12-2017/lists/beauty/W-738592-GarnierFructisShampooNutriRepair",
    "likes" : 0,
    "name" : "Garnier Fructis Shampoo Nutri Repair 3",
    "package_price" : "$0.86 / 100ML",
    "package_size" : "700ml",
    "price" : 6.0,
    "source" : "Woolies",
    "source_short" : "W",
    "stock_code" : "738592",
    "thumbnail_url" : "https://cdn0.woolworths.media/content/wowproductimages/medium/738592.jpg",
    "was_price" : 12.0
  },
  "W-7394-BondsSocksMensBusinessPlainSize" : {
    "brand" : "bonds",
    "category" : "Household",
    "crawl_time" : 1.513115445154408E9,
    "end_promotion_date" : "12-12-2017",
    "id" : "W-7394-BondsSocksMensBusinessPlainSize",
    "is_available" : true,
    "is_on_special" : true,
    "is_valid" : true,
    "key" : "13-12-2017/lists/all/W-7394-BondsSocksMensBusinessPlainSize",
    "key_in_category_list" : "13-12-2017/lists/household/W-7394-BondsSocksMensBusinessPlainSize",
    "likes" : 0,
    "name" : "Bonds Socks Mens Business Plain Size 6-10",
    "package_price" : "$2.33 / 1EA",
    "package_size" : "3pk",
    "price" : 7.0,
    "source" : "Woolies",
    "source_short" : "W",
    "stock_code" : "7394",
    "thumbnail_url" : "https://cdn0.woolworths.media/content/wowproductimages/medium/007394.jpg",
    "was_price" : 14.0
  },
  "W-741540-EnergizerMaxAaaBatteries" : {
    "brand" : "energizer max",
    "category" : "Household",
    "crawl_time" : 1.513115278695944E9,
    "end_promotion_date" : "12-12-2017",
    "id" : "W-741540-EnergizerMaxAaaBatteries",
    "is_available" : true,
    "is_on_special" : true,
    "is_valid" : true,
    "key" : "13-12-2017/lists/all/W-741540-EnergizerMaxAaaBatteries",
    "key_in_category_list" : "13-12-2017/lists/household/W-741540-EnergizerMaxAaaBatteries",
    "likes" : 1,
    "name" : "Energizer Max Aaa Batteries ",
    "package_price" : "$0.70 / 1EA",
    "package_size" : "14pk",
    "price" : 9.75,
    "source" : "Woolies",
    "source_short" : "W",
    "stock_code" : "741540",
    "thumbnail_url" : "https://cdn0.woolworths.media/content/wowproductimages/medium/741540.jpg",
    "was_price" : 19.5
  },
  "W-742910-DecorMatchupsGlassStorerOblong" : {
    "brand" : "decor match-ups",
    "category" : "Household",
    "crawl_time" : 1.513115377647374E9,
    "end_promotion_date" : "12-12-2017",
    "id" : "W-742910-DecorMatchupsGlassStorerOblong",
    "is_available" : true,
    "is_on_special" : true,
    "is_valid" : true,
    "key" : "13-12-2017/lists/all/W-742910-DecorMatchupsGlassStorerOblong",
    "key_in_category_list" : "13-12-2017/lists/household/W-742910-DecorMatchupsGlassStorerOblong",
    "likes" : 8,
    "name" : "Decor Match-ups Glass Storer Oblong",
    "package_price" : "$0.00 / 0",
    "package_size" : "1l",
    "price" : 5.49,
    "source" : "Woolies",
    "source_short" : "W",
    "stock_code" : "742910",
    "thumbnail_url" : "https://cdn0.woolworths.media/content/wowproductimages/medium/742910.jpg",
    "was_price" : 11.0
  },
  "W-742916-DecorMatchupsGlassStorerOblong" : {
    "brand" : "decor match-ups",
    "category" : "Household",
    "crawl_time" : 1.513115378770213E9,
    "end_promotion_date" : "12-12-2017",
    "id" : "W-742916-DecorMatchupsGlassStorerOblong",
    "is_available" : true,
    "is_on_special" : true,
    "is_valid" : true,
    "key" : "13-12-2017/lists/all/W-742916-DecorMatchupsGlassStorerOblong",
    "key_in_category_list" : "13-12-2017/lists/household/W-742916-DecorMatchupsGlassStorerOblong",
    "likes" : 5,
    "name" : "Decor Match-ups Glass Storer Oblong",
    "package_price" : "$0.00 / 0",
    "package_size" : "1.5l",
    "price" : 6.99,
    "source" : "Woolies",
    "source_short" : "W",
    "stock_code" : "742916",
    "thumbnail_url" : "https://cdn0.woolworths.media/content/wowproductimages/medium/742916.jpg",
    "was_price" : 13.99
  },
  "W-744483-DecorMatchupsGlassStorerOblong" : {
    "brand" : "decor match-ups",
    "category" : "Household",
    "crawl_time" : 1.513115610151478E9,
    "end_promotion_date" : "12-12-2017",
    "id" : "W-744483-DecorMatchupsGlassStorerOblong",
    "is_available" : true,
    "is_on_special" : true,
    "is_valid" : true,
    "key" : "13-12-2017/lists/all/W-744483-DecorMatchupsGlassStorerOblong",
    "key_in_category_list" : "13-12-2017/lists/household/W-744483-DecorMatchupsGlassStorerOblong",
    "likes" : 7,
    "name" : "Decor Match-ups Glass Storer Oblong",
    "package_price" : "$0.00 / 0",
    "package_size" : "600ml",
    "price" : 4.24,
    "source" : "Woolies",
    "source_short" : "W",
    "stock_code" : "744483",
    "thumbnail_url" : "https://cdn0.woolworths.media/content/wowproductimages/medium/744483.jpg",
    "was_price" : 9.0
  },
  "W-750056-ColgateMouthwashPlaxFreshTea" : {
    "brand" : "colgate",
    "category" : "Health & Beauty",
    "crawl_time" : 1.51311569755721E9,
    "end_promotion_date" : "12-12-2017",
    "id" : "W-750056-ColgateMouthwashPlaxFreshTea",
    "is_available" : true,
    "is_on_special" : true,
    "is_valid" : true,
    "key" : "13-12-2017/lists/all/W-750056-ColgateMouthwashPlaxFreshTea",
    "key_in_category_list" : "13-12-2017/lists/beauty/W-750056-ColgateMouthwashPlaxFreshTea",
    "likes" : 1,
    "name" : "Colgate Mouthwash Plax Fresh Tea",
    "package_price" : "$0.63 / 100ML",
    "package_size" : "500ml",
    "price" : 3.15,
    "source" : "Woolies",
    "source_short" : "W",
    "stock_code" : "750056",
    "thumbnail_url" : "https://cdn0.woolworths.media/content/wowproductimages/medium/750056.jpg",
    "was_price" : 6.3
  },
  "W-750291-LindtCreationMilkChocolateDivineHazelnut" : {
    "brand" : "lindt creation",
    "category" : "Pantry",
    "crawl_time" : 1.513115580873449E9,
    "end_promotion_date" : "12-12-2017",
    "id" : "W-750291-LindtCreationMilkChocolateDivineHazelnut",
    "is_available" : true,
    "is_on_special" : true,
    "is_valid" : true,
    "key" : "13-12-2017/lists/all/W-750291-LindtCreationMilkChocolateDivineHazelnut",
    "key_in_category_list" : "13-12-2017/lists/pantry/W-750291-LindtCreationMilkChocolateDivineHazelnut",
    "likes" : 1,
    "name" : "Lindt Creation Milk Chocolate Divine Hazelnut",
    "package_price" : "$2.12 / 100G",
    "package_size" : "100g block",
    "price" : 2.12,
    "source" : "Woolies",
    "source_short" : "W",
    "stock_code" : "750291",
    "thumbnail_url" : "https://cdn0.woolworths.media/content/wowproductimages/medium/750291.jpg",
    "was_price" : 4.25
  },
  "W-750292-LindtCreationDarkChocolateSumptuousOrange" : {
    "brand" : "lindt creation",
    "category" : "Pantry",
    "crawl_time" : 1.513115559264894E9,
    "end_promotion_date" : "12-12-2017",
    "id" : "W-750292-LindtCreationDarkChocolateSumptuousOrange",
    "is_available" : true,
    "is_on_special" : true,
    "is_valid" : true,
    "key" : "13-12-2017/lists/all/W-750292-LindtCreationDarkChocolateSumptuousOrange",
    "key_in_category_list" : "13-12-2017/lists/pantry/W-750292-LindtCreationDarkChocolateSumptuousOrange",
    "likes" : 0,
    "name" : "Lindt Creation Dark Chocolate Sumptuous Orange",
    "package_price" : "$2.12 / 100G",
    "package_size" : "100g block",
    "price" : 2.12,
    "source" : "Woolies",
    "source_short" : "W",
    "stock_code" : "750292",
    "thumbnail_url" : "https://cdn0.woolworths.media/content/wowproductimages/medium/750292.jpg",
    "was_price" : 4.25
  },
  "W-754115-LindtCreationMilkChocolateHeavenlyCremeBrulee" : {
    "brand" : "lindt creation",
    "category" : "Pantry",
    "crawl_time" : 1.513115779324596E9,
    "end_promotion_date" : "12-12-2017",
    "id" : "W-754115-LindtCreationMilkChocolateHeavenlyCremeBrulee",
    "is_available" : true,
    "is_on_special" : true,
    "is_valid" : true,
    "key" : "13-12-2017/lists/all/W-754115-LindtCreationMilkChocolateHeavenlyCremeBrulee",
    "key_in_category_list" : "13-12-2017/lists/pantry/W-754115-LindtCreationMilkChocolateHeavenlyCremeBrulee",
    "likes" : 0,
    "name" : "Lindt Creation Milk Chocolate Heavenly Creme Brulee",
    "package_price" : "$2.12 / 100G",
    "package_size" : "100g block",
    "price" : 2.12,
    "source" : "Woolies",
    "source_short" : "W",
    "stock_code" : "754115",
    "thumbnail_url" : "https://cdn0.woolworths.media/content/wowproductimages/medium/754115.jpg",
    "was_price" : 4.25
  },
  "W-7556-GoldenCircleGoldenPashFruitDrink" : {
    "brand" : "golden circle",
    "category" : "Pantry",
    "crawl_time" : 1.513115439016884E9,
    "end_promotion_date" : "12-12-2017",
    "id" : "W-7556-GoldenCircleGoldenPashFruitDrink",
    "is_available" : true,
    "is_on_special" : true,
    "is_valid" : true,
    "key" : "13-12-2017/lists/all/W-7556-GoldenCircleGoldenPashFruitDrink",
    "key_in_category_list" : "13-12-2017/lists/pantry/W-7556-GoldenCircleGoldenPashFruitDrink",
    "likes" : 2,
    "name" : "Golden Circle Golden Pash Fruit Drink",
    "package_price" : "$1.10 / 1L",
    "package_size" : "1l",
    "price" : 1.1,
    "source" : "Woolies",
    "source_short" : "W",
    "stock_code" : "7556",
    "thumbnail_url" : "https://cdn0.woolworths.media/content/wowproductimages/medium/007556.jpg",
    "was_price" : 2.25
  },
  "W-756215-BondsGirlsUnderwearCottonBrief" : {
    "brand" : "bonds girls",
    "category" : "Household",
    "crawl_time" : 1.513115329279945E9,
    "end_promotion_date" : "12-12-2017",
    "id" : "W-756215-BondsGirlsUnderwearCottonBrief",
    "is_available" : true,
    "is_on_special" : true,
    "is_valid" : true,
    "key" : "13-12-2017/lists/all/W-756215-BondsGirlsUnderwearCottonBrief",
    "key_in_category_list" : "13-12-2017/lists/household/W-756215-BondsGirlsUnderwearCottonBrief",
    "likes" : 1,
    "name" : "Bonds Girls Underwear Cotton Brief 12-14 & 14-16",
    "package_price" : "$1.75 / 1EA",
    "package_size" : "4pk",
    "price" : 7.0,
    "source" : "Woolies",
    "source_short" : "W",
    "stock_code" : "756215",
    "thumbnail_url" : "https://cdn0.woolworths.media/content/wowproductimages/medium/756215.jpg",
    "was_price" : 14.0
  },
  "W-756216-BondsBoysUnderwearCottonTrunk" : {
    "brand" : "bonds boys",
    "category" : "Household",
    "crawl_time" : 1.513115532306335E9,
    "end_promotion_date" : "12-12-2017",
    "id" : "W-756216-BondsBoysUnderwearCottonTrunk",
    "is_available" : true,
    "is_on_special" : true,
    "is_valid" : true,
    "key" : "13-12-2017/lists/all/W-756216-BondsBoysUnderwearCottonTrunk",
    "key_in_category_list" : "13-12-2017/lists/household/W-756216-BondsBoysUnderwearCottonTrunk",
    "likes" : 0,
    "name" : "Bonds Boys Underwear Cotton Trunk (8-10 & 10-12)",
    "package_price" : "$2.50 / 1EA",
    "package_size" : "3pk",
    "price" : 7.5,
    "source" : "Woolies",
    "source_short" : "W",
    "stock_code" : "756216",
    "thumbnail_url" : "https://cdn0.woolworths.media/content/wowproductimages/medium/756216.jpg",
    "was_price" : 15.0
  },
  "W-756234-BondsGirlsUnderwearCottonBrief" : {
    "brand" : "bonds girls",
    "category" : "Household",
    "crawl_time" : 1.513115653347904E9,
    "end_promotion_date" : "12-12-2017",
    "id" : "W-756234-BondsGirlsUnderwearCottonBrief",
    "is_available" : true,
    "is_on_special" : true,
    "is_valid" : true,
    "key" : "13-12-2017/lists/all/W-756234-BondsGirlsUnderwearCottonBrief",
    "key_in_category_list" : "13-12-2017/lists/household/W-756234-BondsGirlsUnderwearCottonBrief",
    "likes" : 1,
    "name" : "Bonds Girls Underwear Cotton Brief (8-10 & 10-12)",
    "package_price" : "$1.75 / 1EA",
    "package_size" : "4pk",
    "price" : 7.0,
    "source" : "Woolies",
    "source_short" : "W",
    "stock_code" : "756234",
    "thumbnail_url" : "https://cdn0.woolworths.media/content/wowproductimages/medium/756234.jpg",
    "was_price" : 14.0
  },
  "W-756261-BondsBoysUnderwearCottonTrunk" : {
    "brand" : "bonds boys",
    "category" : "Household",
    "crawl_time" : 1.513115654575785E9,
    "end_promotion_date" : "12-12-2017",
    "id" : "W-756261-BondsBoysUnderwearCottonTrunk",
    "is_available" : true,
    "is_on_special" : true,
    "is_valid" : true,
    "key" : "13-12-2017/lists/all/W-756261-BondsBoysUnderwearCottonTrunk",
    "key_in_category_list" : "13-12-2017/lists/household/W-756261-BondsBoysUnderwearCottonTrunk",
    "likes" : 0,
    "name" : "Bonds Boys Underwear Cotton Trunk 12-14 & 14-16",
    "package_price" : "$2.50 / 1EA",
    "package_size" : "3pk",
    "price" : 7.5,
    "source" : "Woolies",
    "source_short" : "W",
    "stock_code" : "756261",
    "thumbnail_url" : "https://cdn0.woolworths.media/content/wowproductimages/medium/756261.jpg",
    "was_price" : 15.0
  },
  "W-758859-BondsUnderwearHiLegPlain" : {
    "brand" : "bonds",
    "category" : "Household",
    "crawl_time" : 1.513115327947442E9,
    "end_promotion_date" : "12-12-2017",
    "id" : "W-758859-BondsUnderwearHiLegPlain",
    "is_available" : true,
    "is_on_special" : true,
    "is_valid" : true,
    "key" : "13-12-2017/lists/all/W-758859-BondsUnderwearHiLegPlain",
    "key_in_category_list" : "13-12-2017/lists/household/W-758859-BondsUnderwearHiLegPlain",
    "likes" : 0,
    "name" : "Bonds Underwear Hi Leg Plain",
    "package_price" : "$0.00 / 0",
    "package_size" : "12",
    "price" : 6.5,
    "source" : "Woolies",
    "source_short" : "W",
    "stock_code" : "758859",
    "thumbnail_url" : "https://cdn0.woolworths.media/content/wowproductimages/medium/758859.jpg",
    "was_price" : 13.0
  },
  "W-758875-BondsUnderwearHiLegPlain" : {
    "brand" : "bonds",
    "category" : "Household",
    "crawl_time" : 1.513115285504954E9,
    "end_promotion_date" : "12-12-2017",
    "id" : "W-758875-BondsUnderwearHiLegPlain",
    "is_available" : true,
    "is_on_special" : true,
    "is_valid" : true,
    "key" : "13-12-2017/lists/all/W-758875-BondsUnderwearHiLegPlain",
    "key_in_category_list" : "13-12-2017/lists/household/W-758875-BondsUnderwearHiLegPlain",
    "likes" : 0,
    "name" : "Bonds Underwear Hi Leg Plain",
    "package_price" : "$0.00 / 0",
    "package_size" : "10",
    "price" : 6.5,
    "source" : "Woolies",
    "source_short" : "W",
    "stock_code" : "758875",
    "thumbnail_url" : "https://cdn0.woolworths.media/content/wowproductimages/medium/758875.jpg",
    "was_price" : 13.0
  },
  "W-758876-BondsUnderwearHiLegPlain" : {
    "brand" : "bonds",
    "category" : "Household",
    "crawl_time" : 1.513115828900455E9,
    "end_promotion_date" : "12-12-2017",
    "id" : "W-758876-BondsUnderwearHiLegPlain",
    "is_available" : true,
    "is_on_special" : true,
    "is_valid" : true,
    "key" : "13-12-2017/lists/all/W-758876-BondsUnderwearHiLegPlain",
    "key_in_category_list" : "13-12-2017/lists/household/W-758876-BondsUnderwearHiLegPlain",
    "likes" : 0,
    "name" : "Bonds Underwear Hi Leg Plain",
    "package_price" : "$0.00 / 0",
    "package_size" : "14",
    "price" : 6.5,
    "source" : "Woolies",
    "source_short" : "W",
    "stock_code" : "758876",
    "thumbnail_url" : "https://cdn0.woolworths.media/content/wowproductimages/medium/758876.jpg",
    "was_price" : 13.0
  },
  "W-758899-BondsUnderwearHiLegPlain" : {
    "brand" : "bonds",
    "category" : "Household",
    "crawl_time" : 1.513115317828011E9,
    "end_promotion_date" : "12-12-2017",
    "id" : "W-758899-BondsUnderwearHiLegPlain",
    "is_available" : true,
    "is_on_special" : true,
    "is_valid" : true,
    "key" : "13-12-2017/lists/all/W-758899-BondsUnderwearHiLegPlain",
    "key_in_category_list" : "13-12-2017/lists/household/W-758899-BondsUnderwearHiLegPlain",
    "likes" : 0,
    "name" : "Bonds Underwear Hi Leg Plain",
    "package_price" : "$0.00 / 0",
    "package_size" : "16",
    "price" : 6.5,
    "source" : "Woolies",
    "source_short" : "W",
    "stock_code" : "758899",
    "thumbnail_url" : "https://cdn0.woolworths.media/content/wowproductimages/medium/758899.jpg",
    "was_price" : 13.0
  },
  "W-759129-BondsLadiesUnderwearHipsterBoylegFashionSize" : {
    "brand" : "bonds ladies",
    "category" : "Household",
    "crawl_time" : 1.513115734229046E9,
    "end_promotion_date" : "12-12-2017",
    "id" : "W-759129-BondsLadiesUnderwearHipsterBoylegFashionSize",
    "is_available" : true,
    "is_on_special" : true,
    "is_valid" : true,
    "key" : "13-12-2017/lists/all/W-759129-BondsLadiesUnderwearHipsterBoylegFashionSize",
    "key_in_category_list" : "13-12-2017/lists/household/W-759129-BondsLadiesUnderwearHipsterBoylegFashionSize",
    "likes" : 1,
    "name" : "Bonds Ladies Underwear Hipster Boyleg Fashion Size 10",
    "package_price" : "$0.00 / 0",
    "package_size" : "2pk",
    "price" : 9.0,
    "source" : "Woolies",
    "source_short" : "W",
    "stock_code" : "759129",
    "thumbnail_url" : "https://cdn0.woolworths.media/content/wowproductimages/medium/759129.jpg",
    "was_price" : 18.0
  },
  "W-759150-BondsLadiesUnderwearHipsterBikiniFashionSize" : {
    "brand" : "bonds ladies",
    "category" : "Household",
    "crawl_time" : 1.513115846272558E9,
    "end_promotion_date" : "12-12-2017",
    "id" : "W-759150-BondsLadiesUnderwearHipsterBikiniFashionSize",
    "is_available" : true,
    "is_on_special" : true,
    "is_valid" : true,
    "key" : "13-12-2017/lists/all/W-759150-BondsLadiesUnderwearHipsterBikiniFashionSize",
    "key_in_category_list" : "13-12-2017/lists/household/W-759150-BondsLadiesUnderwearHipsterBikiniFashionSize",
    "likes" : 0,
    "name" : "Bonds Ladies Underwear Hipster Bikini Fashion Size 14",
    "package_price" : "$0.00 / 0",
    "package_size" : "2pk",
    "price" : 9.0,
    "source" : "Woolies",
    "source_short" : "W",
    "stock_code" : "759150",
    "thumbnail_url" : "https://cdn0.woolworths.media/content/wowproductimages/medium/759150.jpg",
    "was_price" : 18.0
  },
  "W-759156-BondsLadiesUnderwearHipsterBoylegFashionSize" : {
    "brand" : "bonds ladies",
    "category" : "Household",
    "crawl_time" : 1.513115735360823E9,
    "end_promotion_date" : "12-12-2017",
    "id" : "W-759156-BondsLadiesUnderwearHipsterBoylegFashionSize",
    "is_available" : true,
    "is_on_special" : true,
    "is_valid" : true,
    "key" : "13-12-2017/lists/all/W-759156-BondsLadiesUnderwearHipsterBoylegFashionSize",
    "key_in_category_list" : "13-12-2017/lists/household/W-759156-BondsLadiesUnderwearHipsterBoylegFashionSize",
    "likes" : 0,
    "name" : "Bonds Ladies Underwear Hipster Boyleg Fashion Size 14",
    "package_price" : "$0.00 / 0",
    "package_size" : "2pk",
    "price" : 9.0,
    "source" : "Woolies",
    "source_short" : "W",
    "stock_code" : "759156",
    "thumbnail_url" : "https://cdn0.woolworths.media/content/wowproductimages/medium/759156.jpg",
    "was_price" : 18.0
  },
  "W-759164-BondsLadiesUnderwearHipsterBikiniFashionSize" : {
    "brand" : "bonds ladies",
    "category" : "Household",
    "crawl_time" : 1.513107003020088E9,
    "end_promotion_date" : "12-12-2017",
    "id" : "W-759164-BondsLadiesUnderwearHipsterBikiniFashionSize",
    "is_available" : true,
    "is_on_special" : true,
    "is_valid" : true,
    "key" : "13-12-2017/lists/all/W-759164-BondsLadiesUnderwearHipsterBikiniFashionSize",
    "key_in_category_list" : "13-12-2017/lists/household/W-759164-BondsLadiesUnderwearHipsterBikiniFashionSize",
    "likes" : 1,
    "name" : "Bonds Ladies Underwear Hipster Bikini Fashion Size 10",
    "package_price" : "$0.00 / 0",
    "package_size" : "2pk",
    "price" : 9.0,
    "source" : "Woolies",
    "source_short" : "W",
    "stock_code" : "759164",
    "thumbnail_url" : "https://cdn0.woolworths.media/content/wowproductimages/medium/759164.jpg",
    "was_price" : 18.0
  },
  "W-759171-BondsLadiesUnderwearHipsterBikiniFashionSize" : {
    "brand" : "bonds ladies",
    "category" : "Household",
    "crawl_time" : 1.513115365418239E9,
    "end_promotion_date" : "12-12-2017",
    "id" : "W-759171-BondsLadiesUnderwearHipsterBikiniFashionSize",
    "is_available" : true,
    "is_on_special" : true,
    "is_valid" : true,
    "key" : "13-12-2017/lists/all/W-759171-BondsLadiesUnderwearHipsterBikiniFashionSize",
    "key_in_category_list" : "13-12-2017/lists/household/W-759171-BondsLadiesUnderwearHipsterBikiniFashionSize",
    "likes" : 0,
    "name" : "Bonds Ladies Underwear Hipster Bikini Fashion Size 12",
    "package_price" : "$0.00 / 0",
    "package_size" : "2pk",
    "price" : 9.0,
    "source" : "Woolies",
    "source_short" : "W",
    "stock_code" : "759171",
    "thumbnail_url" : "https://cdn0.woolworths.media/content/wowproductimages/medium/759171.jpg",
    "was_price" : 18.0
  },
  "W-759182-BondsLadiesUnderwearHipsterBikiniFashionSize" : {
    "brand" : "bonds ladies",
    "category" : "Household",
    "crawl_time" : 1.513115603067528E9,
    "end_promotion_date" : "12-12-2017",
    "id" : "W-759182-BondsLadiesUnderwearHipsterBikiniFashionSize",
    "is_available" : true,
    "is_on_special" : true,
    "is_valid" : true,
    "key" : "13-12-2017/lists/all/W-759182-BondsLadiesUnderwearHipsterBikiniFashionSize",
    "key_in_category_list" : "13-12-2017/lists/household/W-759182-BondsLadiesUnderwearHipsterBikiniFashionSize",
    "likes" : 0,
    "name" : "Bonds Ladies Underwear Hipster Bikini Fashion Size 16",
    "package_price" : "$0.00 / 0",
    "package_size" : "2pk",
    "price" : 9.0,
    "source" : "Woolies",
    "source_short" : "W",
    "stock_code" : "759182",
    "thumbnail_url" : "https://cdn0.woolworths.media/content/wowproductimages/medium/759182.jpg",
    "was_price" : 18.0
  },
  "W-759184-BondsLadiesUnderwearHipsterBoylegFashionSize" : {
    "brand" : "bonds ladies",
    "category" : "Household",
    "crawl_time" : 1.513115717578899E9,
    "end_promotion_date" : "12-12-2017",
    "id" : "W-759184-BondsLadiesUnderwearHipsterBoylegFashionSize",
    "is_available" : true,
    "is_on_special" : true,
    "is_valid" : true,
    "key" : "13-12-2017/lists/all/W-759184-BondsLadiesUnderwearHipsterBoylegFashionSize",
    "key_in_category_list" : "13-12-2017/lists/household/W-759184-BondsLadiesUnderwearHipsterBoylegFashionSize",
    "likes" : 0,
    "name" : "Bonds Ladies Underwear Hipster Boyleg Fashion Size 12",
    "package_price" : "$0.00 / 0",
    "package_size" : "2pk",
    "price" : 9.0,
    "source" : "Woolies",
    "source_short" : "W",
    "stock_code" : "759184",
    "thumbnail_url" : "https://cdn0.woolworths.media/content/wowproductimages/medium/759184.jpg",
    "was_price" : 18.0
  },
  "W-759191-BondsLadiesUnderwearHipsterBoylegFashionSize" : {
    "brand" : "bonds ladies",
    "category" : "Household",
    "crawl_time" : 1.513115609007945E9,
    "end_promotion_date" : "12-12-2017",
    "id" : "W-759191-BondsLadiesUnderwearHipsterBoylegFashionSize",
    "is_available" : true,
    "is_on_special" : true,
    "is_valid" : true,
    "key" : "13-12-2017/lists/all/W-759191-BondsLadiesUnderwearHipsterBoylegFashionSize",
    "key_in_category_list" : "13-12-2017/lists/household/W-759191-BondsLadiesUnderwearHipsterBoylegFashionSize",
    "likes" : 2,
    "name" : "Bonds Ladies Underwear Hipster Boyleg Fashion Size 16",
    "package_price" : "$0.00 / 0",
    "package_size" : "2pk",
    "price" : 9.0,
    "source" : "Woolies",
    "source_short" : "W",
    "stock_code" : "759191",
    "thumbnail_url" : "https://cdn0.woolworths.media/content/wowproductimages/medium/759191.jpg",
    "was_price" : 18.0
  },
  "W-760825-LindtExcellenceWhiteChocolateExtraSilky" : {
    "brand" : "lindt excellence",
    "category" : "Pantry",
    "crawl_time" : 1.513115695084938E9,
    "end_promotion_date" : "12-12-2017",
    "id" : "W-760825-LindtExcellenceWhiteChocolateExtraSilky",
    "is_available" : true,
    "is_on_special" : true,
    "is_valid" : true,
    "key" : "13-12-2017/lists/all/W-760825-LindtExcellenceWhiteChocolateExtraSilky",
    "key_in_category_list" : "13-12-2017/lists/pantry/W-760825-LindtExcellenceWhiteChocolateExtraSilky",
    "likes" : 2,
    "name" : "Lindt Excellence White Chocolate Extra Silky",
    "package_price" : "$2.12 / 100G",
    "package_size" : "100g block",
    "price" : 2.12,
    "source" : "Woolies",
    "source_short" : "W",
    "stock_code" : "760825",
    "thumbnail_url" : "https://cdn0.woolworths.media/content/wowproductimages/medium/760825.jpg",
    "was_price" : 4.25
  },
  "W-761637-AlwaysFreshPittedKalamataOlivesSaltReduced" : {
    "brand" : "always fresh",
    "category" : "Pantry",
    "crawl_time" : 1.513115655745013E9,
    "end_promotion_date" : "12-12-2017",
    "id" : "W-761637-AlwaysFreshPittedKalamataOlivesSaltReduced",
    "is_available" : true,
    "is_on_special" : true,
    "is_valid" : true,
    "key" : "13-12-2017/lists/all/W-761637-AlwaysFreshPittedKalamataOlivesSaltReduced",
    "key_in_category_list" : "13-12-2017/lists/pantry/W-761637-AlwaysFreshPittedKalamataOlivesSaltReduced",
    "likes" : 1,
    "name" : "Always Fresh Pitted Kalamata Olives Salt Reduced",
    "package_price" : "$5.67 / 1KG",
    "package_size" : "670g",
    "price" : 3.8,
    "source" : "Woolies",
    "source_short" : "W",
    "stock_code" : "761637",
    "thumbnail_url" : "https://cdn0.woolworths.media/content/wowproductimages/medium/761637.jpg",
    "was_price" : 7.6
  },
  "W-7648-GreenseasTunaTomatoOnion" : {
    "brand" : "greenseas",
    "category" : "Pantry",
    "crawl_time" : 1.513115736498123E9,
    "end_promotion_date" : "12-12-2017",
    "id" : "W-7648-GreenseasTunaTomatoOnion",
    "is_available" : true,
    "is_on_special" : true,
    "is_valid" : true,
    "key" : "13-12-2017/lists/all/W-7648-GreenseasTunaTomatoOnion",
    "key_in_category_list" : "13-12-2017/lists/pantry/W-7648-GreenseasTunaTomatoOnion",
    "likes" : 5,
    "name" : "Greenseas Tuna Tomato & Onion",
    "package_price" : "$10.53 / 1KG",
    "package_size" : "95g",
    "price" : 1.0,
    "source" : "Woolies",
    "source_short" : "W",
    "stock_code" : "7648",
    "thumbnail_url" : "https://cdn0.woolworths.media/content/wowproductimages/medium/007648.jpg",
    "was_price" : 2.0
  },
  "W-765508-MmsPeanut" : {
    "brand" : "m&m's",
    "category" : "Pantry",
    "crawl_time" : 1.513115780475715E9,
    "end_promotion_date" : "12-12-2017",
    "id" : "W-765508-MmsPeanut",
    "is_available" : true,
    "is_on_special" : true,
    "is_valid" : true,
    "key" : "13-12-2017/lists/all/W-765508-MmsPeanut",
    "key_in_category_list" : "13-12-2017/lists/pantry/W-765508-MmsPeanut",
    "likes" : 3,
    "name" : "M&m's Peanut ",
    "package_price" : "$1.14 / 100G",
    "package_size" : "440g gift box",
    "price" : 5.0,
    "source" : "Woolies",
    "source_short" : "W",
    "stock_code" : "765508",
    "thumbnail_url" : "https://cdn0.woolworths.media/content/wowproductimages/medium/765508.jpg",
    "was_price" : 10.0
  },
  "W-765572-SchickRazorIntuitionPureNourishKit" : {
    "brand" : "schick",
    "category" : "Health & Beauty",
    "crawl_time" : 1.51310710559299E9,
    "end_promotion_date" : "12-12-2017",
    "id" : "W-765572-SchickRazorIntuitionPureNourishKit",
    "is_available" : true,
    "is_on_special" : true,
    "is_valid" : true,
    "key" : "13-12-2017/lists/all/W-765572-SchickRazorIntuitionPureNourishKit",
    "key_in_category_list" : "13-12-2017/lists/beauty/W-765572-SchickRazorIntuitionPureNourishKit",
    "likes" : 4,
    "name" : "Schick Razor Intuition Pure Nourish Kit",
    "package_price" : "$6.25 / 1EA",
    "package_size" : "each",
    "price" : 6.25,
    "source" : "Woolies",
    "source_short" : "W",
    "stock_code" : "765572",
    "thumbnail_url" : "https://cdn0.woolworths.media/content/wowproductimages/medium/765572.jpg",
    "was_price" : 12.5
  },
  "W-765746-MorteinInsectRepellentAutoProtectEucalyptus" : {
    "brand" : "mortein",
    "category" : "Household",
    "crawl_time" : 1.51311565788813E9,
    "end_promotion_date" : "12-12-2017",
    "id" : "W-765746-MorteinInsectRepellentAutoProtectEucalyptus",
    "is_available" : true,
    "is_on_special" : true,
    "is_valid" : true,
    "key" : "13-12-2017/lists/all/W-765746-MorteinInsectRepellentAutoProtectEucalyptus",
    "key_in_category_list" : "13-12-2017/lists/household/W-765746-MorteinInsectRepellentAutoProtectEucalyptus",
    "likes" : 4,
    "name" : "Mortein Insect Repellent Auto Protect  Eucalyptus",
    "package_price" : "$9.74 / 100G",
    "package_size" : "150g",
    "price" : 15.0,
    "source" : "Woolies",
    "source_short" : "W",
    "stock_code" : "765746",
    "thumbnail_url" : "https://cdn0.woolworths.media/content/wowproductimages/medium/765746.jpg",
    "was_price" : 30.0
  },
  "W-768768-BondsExplorerSocksLadiesExtremeSportLow" : {
    "brand" : "bonds",
    "category" : "Household",
    "crawl_time" : 1.513115451561109E9,
    "end_promotion_date" : "12-12-2017",
    "id" : "W-768768-BondsExplorerSocksLadiesExtremeSportLow",
    "is_available" : true,
    "is_on_special" : true,
    "is_valid" : true,
    "key" : "13-12-2017/lists/all/W-768768-BondsExplorerSocksLadiesExtremeSportLow",
    "key_in_category_list" : "13-12-2017/lists/household/W-768768-BondsExplorerSocksLadiesExtremeSportLow",
    "likes" : 1,
    "name" : "Bonds Explorer Socks Ladies Extreme Sport Low 2-8",
    "package_price" : "$4.50 / 1EA",
    "package_size" : "each",
    "price" : 4.5,
    "source" : "Woolies",
    "source_short" : "W",
    "stock_code" : "768768",
    "thumbnail_url" : "https://cdn0.woolworths.media/content/wowproductimages/medium/768768.jpg",
    "was_price" : 9.0
  },
  "W-768828-BondsMensSocksVeryComfy" : {
    "brand" : "bonds mens",
    "category" : "Household",
    "crawl_time" : 1.513115338146535E9,
    "end_promotion_date" : "12-12-2017",
    "id" : "W-768828-BondsMensSocksVeryComfy",
    "is_available" : true,
    "is_on_special" : true,
    "is_valid" : true,
    "key" : "13-12-2017/lists/all/W-768828-BondsMensSocksVeryComfy",
    "key_in_category_list" : "13-12-2017/lists/household/W-768828-BondsMensSocksVeryComfy",
    "likes" : 1,
    "name" : "Bonds Mens Socks Very Comfy 6-10",
    "package_price" : "$3.50 / 1EA",
    "package_size" : "1pk",
    "price" : 3.5,
    "source" : "Woolies",
    "source_short" : "W",
    "stock_code" : "768828",
    "thumbnail_url" : "https://cdn0.woolworths.media/content/wowproductimages/medium/768828.jpg",
    "was_price" : 7.0
  },
  "W-768834-BondsSocksMensVeryComfySize" : {
    "brand" : "bonds",
    "category" : "Household",
    "crawl_time" : 1.513115411053585E9,
    "end_promotion_date" : "12-12-2017",
    "id" : "W-768834-BondsSocksMensVeryComfySize",
    "is_available" : true,
    "is_on_special" : true,
    "is_valid" : true,
    "key" : "13-12-2017/lists/all/W-768834-BondsSocksMensVeryComfySize",
    "key_in_category_list" : "13-12-2017/lists/household/W-768834-BondsSocksMensVeryComfySize",
    "likes" : 0,
    "name" : "Bonds Socks Mens Very Comfy Size 11-14",
    "package_price" : "$3.50 / 1EA",
    "package_size" : "each",
    "price" : 3.5,
    "source" : "Woolies",
    "source_short" : "W",
    "stock_code" : "768834",
    "thumbnail_url" : "https://cdn0.woolworths.media/content/wowproductimages/medium/768834.jpg",
    "was_price" : 7.0
  },
  "W-768845-BondsMensUltimateComfortSocksLowCutSize" : {
    "brand" : "bonds",
    "category" : "Household",
    "crawl_time" : 1.513115781684145E9,
    "end_promotion_date" : "12-12-2017",
    "id" : "W-768845-BondsMensUltimateComfortSocksLowCutSize",
    "is_available" : true,
    "is_on_special" : true,
    "is_valid" : true,
    "key" : "13-12-2017/lists/all/W-768845-BondsMensUltimateComfortSocksLowCutSize",
    "key_in_category_list" : "13-12-2017/lists/household/W-768845-BondsMensUltimateComfortSocksLowCutSize",
    "likes" : 0,
    "name" : "Bonds Men's Ultimate Comfort Socks Low Cut Size 11 - 14",
    "package_price" : "$3.50 / 1EA",
    "package_size" : "2pk",
    "price" : 7.0,
    "source" : "Woolies",
    "source_short" : "W",
    "stock_code" : "768845",
    "thumbnail_url" : "https://cdn0.woolworths.media/content/wowproductimages/medium/768845.jpg",
    "was_price" : 14.0
  },
  "W-768914-BondsExplorerSocksMensSportLowcut" : {
    "brand" : "bonds",
    "category" : "Household",
    "crawl_time" : 1.513115885242712E9,
    "end_promotion_date" : "12-12-2017",
    "id" : "W-768914-BondsExplorerSocksMensSportLowcut",
    "is_available" : true,
    "is_on_special" : true,
    "is_valid" : true,
    "key" : "13-12-2017/lists/all/W-768914-BondsExplorerSocksMensSportLowcut",
    "key_in_category_list" : "13-12-2017/lists/household/W-768914-BondsExplorerSocksMensSportLowcut",
    "likes" : 1,
    "name" : "Bonds Explorer Socks Mens Sport Lowcut 6-10",
    "package_price" : "$4.50 / 1EA",
    "package_size" : "each",
    "price" : 4.5,
    "source" : "Woolies",
    "source_short" : "W",
    "stock_code" : "768914",
    "thumbnail_url" : "https://cdn0.woolworths.media/content/wowproductimages/medium/768914.jpg",
    "was_price" : 9.0
  },
  "W-7707-GreenseasTunaNaturalSmokedFlavour" : {
    "brand" : "greenseas",
    "category" : "Pantry",
    "crawl_time" : 1.513115743422584E9,
    "end_promotion_date" : "12-12-2017",
    "id" : "W-7707-GreenseasTunaNaturalSmokedFlavour",
    "is_available" : true,
    "is_on_special" : true,
    "is_valid" : true,
    "key" : "13-12-2017/lists/all/W-7707-GreenseasTunaNaturalSmokedFlavour",
    "key_in_category_list" : "13-12-2017/lists/pantry/W-7707-GreenseasTunaNaturalSmokedFlavour",
    "likes" : 0,
    "name" : "Greenseas Tuna Natural Smoked Flavour",
    "package_price" : "$10.53 / 1KG",
    "package_size" : "95g",
    "price" : 1.0,
    "source" : "Woolies",
    "source_short" : "W",
    "stock_code" : "7707",
    "thumbnail_url" : "https://cdn0.woolworths.media/content/wowproductimages/medium/007707.jpg",
    "was_price" : 2.0
  },
  "W-7733-GreenseasTunaLemonPepper" : {
    "brand" : "greenseas",
    "category" : "Pantry",
    "crawl_time" : 1.51311549657297E9,
    "end_promotion_date" : "12-12-2017",
    "id" : "W-7733-GreenseasTunaLemonPepper",
    "is_available" : true,
    "is_on_special" : true,
    "is_valid" : true,
    "key" : "13-12-2017/lists/all/W-7733-GreenseasTunaLemonPepper",
    "key_in_category_list" : "13-12-2017/lists/pantry/W-7733-GreenseasTunaLemonPepper",
    "likes" : 0,
    "name" : "Greenseas Tuna Lemon Pepper",
    "package_price" : "$10.53 / 1KG",
    "package_size" : "95g",
    "price" : 1.0,
    "source" : "Woolies",
    "source_short" : "W",
    "stock_code" : "7733",
    "thumbnail_url" : "https://cdn0.woolworths.media/content/wowproductimages/medium/007733.jpg",
    "was_price" : 2.0
  },
  "W-779653-OlayRegeneristAntiAgeingMicroSculptNightCreamMoisturiser" : {
    "brand" : "olay regenerist",
    "category" : "Health & Beauty",
    "crawl_time" : 1.513106984791531E9,
    "end_promotion_date" : "12-12-2017",
    "id" : "W-779653-OlayRegeneristAntiAgeingMicroSculptNightCreamMoisturiser",
    "is_available" : true,
    "is_on_special" : true,
    "is_valid" : true,
    "key" : "13-12-2017/lists/all/W-779653-OlayRegeneristAntiAgeingMicroSculptNightCreamMoisturiser",
    "key_in_category_list" : "13-12-2017/lists/beauty/W-779653-OlayRegeneristAntiAgeingMicroSculptNightCreamMoisturiser",
    "likes" : 2,
    "name" : "Olay Regenerist Anti Ageing Micro Sculpt Night Cream Moisturiser",
    "package_price" : "$49.00 / 100G",
    "package_size" : "50g",
    "price" : 24.5,
    "source" : "Woolies",
    "source_short" : "W",
    "stock_code" : "779653",
    "thumbnail_url" : "https://cdn0.woolworths.media/content/wowproductimages/medium/779653.jpg",
    "was_price" : 49.0
  },
  "W-780703-FerreroCollectionChocolatesTRocherRondnoirRaffaello" : {
    "brand" : "ferrero collection",
    "category" : "Pantry",
    "crawl_time" : 1.513115886393009E9,
    "end_promotion_date" : "12-12-2017",
    "id" : "W-780703-FerreroCollectionChocolatesTRocherRondnoirRaffaello",
    "is_available" : true,
    "is_on_special" : true,
    "is_valid" : true,
    "key" : "13-12-2017/lists/all/W-780703-FerreroCollectionChocolatesTRocherRondnoirRaffaello",
    "key_in_category_list" : "13-12-2017/lists/pantry/W-780703-FerreroCollectionChocolatesTRocherRondnoirRaffaello",
    "likes" : 2,
    "name" : "Ferrero Collection Chocolates T15 Rocher Rondnoir Raffaello",
    "package_price" : "$3.66 / 100G",
    "package_size" : "15pk 172g",
    "price" : 6.3,
    "source" : "Woolies",
    "source_short" : "W",
    "stock_code" : "780703",
    "thumbnail_url" : "https://cdn0.woolworths.media/content/wowproductimages/medium/780703.jpg",
    "was_price" : 12.6
  },
  "W-783859-LindtCreationDarkChocolateSublimeMint" : {
    "brand" : "lindt creation",
    "category" : "Pantry",
    "crawl_time" : 1.513115432651133E9,
    "end_promotion_date" : "12-12-2017",
    "id" : "W-783859-LindtCreationDarkChocolateSublimeMint",
    "is_available" : true,
    "is_on_special" : true,
    "is_valid" : true,
    "key" : "13-12-2017/lists/all/W-783859-LindtCreationDarkChocolateSublimeMint",
    "key_in_category_list" : "13-12-2017/lists/pantry/W-783859-LindtCreationDarkChocolateSublimeMint",
    "likes" : 1,
    "name" : "Lindt Creation Dark Chocolate Sublime Mint",
    "package_price" : "$2.12 / 100G",
    "package_size" : "100g block",
    "price" : 2.12,
    "source" : "Woolies",
    "source_short" : "W",
    "stock_code" : "783859",
    "thumbnail_url" : "https://cdn0.woolworths.media/content/wowproductimages/medium/783859.jpg",
    "was_price" : 4.25
  },
  "W-785455-MarsSnickers" : {
    "brand" : "mars",
    "category" : "Pantry",
    "crawl_time" : 1.513115577288601E9,
    "end_promotion_date" : "12-12-2017",
    "id" : "W-785455-MarsSnickers",
    "is_available" : true,
    "is_on_special" : true,
    "is_valid" : true,
    "key" : "13-12-2017/lists/all/W-785455-MarsSnickers",
    "key_in_category_list" : "13-12-2017/lists/pantry/W-785455-MarsSnickers",
    "likes" : 1,
    "name" : "Mars Snickers ",
    "package_price" : "$2.00 / 100G",
    "package_size" : "50g bar",
    "price" : 1.0,
    "source" : "Woolies",
    "source_short" : "W",
    "stock_code" : "785455",
    "thumbnail_url" : "https://cdn0.woolworths.media/content/wowproductimages/medium/785455.jpg",
    "was_price" : 2.0
  },
  "W-786582-DecorMicrosafeSegmentedPlate" : {
    "brand" : "decor microsafe",
    "category" : "Household",
    "crawl_time" : 1.51311544160815E9,
    "end_promotion_date" : "12-12-2017",
    "id" : "W-786582-DecorMicrosafeSegmentedPlate",
    "is_available" : true,
    "is_on_special" : true,
    "is_valid" : true,
    "key" : "13-12-2017/lists/all/W-786582-DecorMicrosafeSegmentedPlate",
    "key_in_category_list" : "13-12-2017/lists/household/W-786582-DecorMicrosafeSegmentedPlate",
    "likes" : 3,
    "name" : "Decor Microsafe Segmented Plate ",
    "package_price" : "$4.49 / 1EA",
    "package_size" : "each",
    "price" : 4.49,
    "source" : "Woolies",
    "source_short" : "W",
    "stock_code" : "786582",
    "thumbnail_url" : "https://cdn0.woolworths.media/content/wowproductimages/medium/786582.jpg",
    "was_price" : 8.99
  },
  "W-789154-LindtExcellenceSupremeDarkChocolateCocoa" : {
    "brand" : "lindt excellence",
    "category" : "Pantry",
    "crawl_time" : 1.513115274911202E9,
    "end_promotion_date" : "12-12-2017",
    "id" : "W-789154-LindtExcellenceSupremeDarkChocolateCocoa",
    "is_available" : true,
    "is_on_special" : true,
    "is_valid" : true,
    "key" : "13-12-2017/lists/all/W-789154-LindtExcellenceSupremeDarkChocolateCocoa",
    "key_in_category_list" : "13-12-2017/lists/pantry/W-789154-LindtExcellenceSupremeDarkChocolateCocoa",
    "likes" : 2,
    "name" : "Lindt Excellence Supreme Dark Chocolate 90% Cocoa",
    "package_price" : "$2.12 / 100G",
    "package_size" : "100g block",
    "price" : 2.12,
    "source" : "Woolies",
    "source_short" : "W",
    "stock_code" : "789154",
    "thumbnail_url" : "https://cdn0.woolworths.media/content/wowproductimages/medium/789154.jpg",
    "was_price" : 4.25
  },
  "W-789222-DecorMicrosafeContainerOblong" : {
    "brand" : "decor microsafe",
    "category" : "Household",
    "crawl_time" : 1.513115887584015E9,
    "end_promotion_date" : "12-12-2017",
    "id" : "W-789222-DecorMicrosafeContainerOblong",
    "is_available" : true,
    "is_on_special" : true,
    "is_valid" : true,
    "key" : "13-12-2017/lists/all/W-789222-DecorMicrosafeContainerOblong",
    "key_in_category_list" : "13-12-2017/lists/household/W-789222-DecorMicrosafeContainerOblong",
    "likes" : 5,
    "name" : "Decor Microsafe Container Oblong",
    "package_price" : "$4.49 / 1EA",
    "package_size" : "375ml 3pk",
    "price" : 4.49,
    "source" : "Woolies",
    "source_short" : "W",
    "stock_code" : "789222",
    "thumbnail_url" : "https://cdn0.woolworths.media/content/wowproductimages/medium/789222.jpg",
    "was_price" : 8.99
  },
  "W-790069-WoolworthsDinnerServiettesplyWhite" : {
    "brand" : "woolworths",
    "category" : "Household",
    "crawl_time" : 1.513115711799908E9,
    "end_promotion_date" : "12-12-2017",
    "id" : "W-790069-WoolworthsDinnerServiettesplyWhite",
    "is_available" : true,
    "is_on_special" : true,
    "is_valid" : true,
    "key" : "13-12-2017/lists/all/W-790069-WoolworthsDinnerServiettesplyWhite",
    "key_in_category_list" : "13-12-2017/lists/household/W-790069-WoolworthsDinnerServiettesplyWhite",
    "likes" : 3,
    "name" : "Woolworths Dinner Serviettes 2ply White",
    "package_price" : "$0.03 / 1EA",
    "package_size" : "100pk",
    "price" : 2.5,
    "source" : "Woolies",
    "source_short" : "W",
    "stock_code" : "790069",
    "thumbnail_url" : "https://cdn0.woolworths.media/content/wowproductimages/medium/790069.jpg",
    "was_price" : 5.0
  },
  "W-793231-OlayRegeneristLuminousBrighteningCreamCleanser" : {
    "brand" : "olay",
    "category" : "Health & Beauty",
    "crawl_time" : 1.513115349956849E9,
    "end_promotion_date" : "12-12-2017",
    "id" : "W-793231-OlayRegeneristLuminousBrighteningCreamCleanser",
    "is_available" : true,
    "is_on_special" : true,
    "is_valid" : true,
    "key" : "13-12-2017/lists/all/W-793231-OlayRegeneristLuminousBrighteningCreamCleanser",
    "key_in_category_list" : "13-12-2017/lists/beauty/W-793231-OlayRegeneristLuminousBrighteningCreamCleanser",
    "likes" : 1,
    "name" : "Olay Regenerist Luminous Brightening Cream Cleanser",
    "package_price" : "$7.99 / 100G",
    "package_size" : "100g",
    "price" : 7.99,
    "source" : "Woolies",
    "source_short" : "W",
    "stock_code" : "793231",
    "thumbnail_url" : "https://cdn0.woolworths.media/content/wowproductimages/medium/793231.jpg",
    "was_price" : 15.99
  },
  "W-793509-MotherBerryEnergyDrink" : {
    "brand" : "mother",
    "category" : "Drinks",
    "crawl_time" : 1.513115544579287E9,
    "end_promotion_date" : "12-12-2017",
    "id" : "W-793509-MotherBerryEnergyDrink",
    "is_available" : true,
    "is_on_special" : true,
    "is_valid" : true,
    "key" : "13-12-2017/lists/all/W-793509-MotherBerryEnergyDrink",
    "key_in_category_list" : "13-12-2017/lists/drinks/W-793509-MotherBerryEnergyDrink",
    "likes" : 2,
    "name" : "Mother Berry Energy Drink",
    "package_price" : "$3.03 / 1L",
    "package_size" : "4pk 500ml",
    "price" : 6.05,
    "source" : "Woolies",
    "source_short" : "W",
    "stock_code" : "793509",
    "thumbnail_url" : "https://cdn0.woolworths.media/content/wowproductimages/medium/793509.jpg",
    "was_price" : 11.75
  },
  "W-793990-CadburyFavourites" : {
    "brand" : "cadbury",
    "category" : "Pantry",
    "crawl_time" : 1.51310712917688E9,
    "end_promotion_date" : "12-12-2017",
    "id" : "W-793990-CadburyFavourites",
    "is_available" : true,
    "is_on_special" : true,
    "is_valid" : true,
    "key" : "13-12-2017/lists/all/W-793990-CadburyFavourites",
    "key_in_category_list" : "13-12-2017/lists/pantry/W-793990-CadburyFavourites",
    "likes" : 3,
    "name" : "Cadbury Favourites ",
    "package_price" : "$1.76 / 100G",
    "package_size" : "540g gift box",
    "price" : 9.5,
    "source" : "Woolies",
    "source_short" : "W",
    "stock_code" : "793990",
    "thumbnail_url" : "https://cdn0.woolworths.media/content/wowproductimages/medium/793990.jpg",
    "was_price" : 19.0
  },
  "W-796399-LuckySmartSnaxDigestive" : {
    "brand" : "lucky",
    "category" : "Pantry",
    "crawl_time" : 1.513115534924039E9,
    "end_promotion_date" : "12-12-2017",
    "id" : "W-796399-LuckySmartSnaxDigestive",
    "is_available" : true,
    "is_on_special" : true,
    "is_valid" : true,
    "key" : "13-12-2017/lists/all/W-796399-LuckySmartSnaxDigestive",
    "key_in_category_list" : "13-12-2017/lists/pantry/W-796399-LuckySmartSnaxDigestive",
    "likes" : 2,
    "name" : "Lucky Smart Snax Digestive",
    "package_price" : "$18.33 / 1KG",
    "package_size" : "150g",
    "price" : 2.75,
    "source" : "Woolies",
    "source_short" : "W",
    "stock_code" : "796399",
    "thumbnail_url" : "https://cdn0.woolworths.media/content/wowproductimages/medium/796399.jpg",
    "was_price" : 5.5
  },
  "W-796414-LuckySmartSnaxWomens" : {
    "brand" : "lucky",
    "category" : "Pantry",
    "crawl_time" : 1.513115555708663E9,
    "end_promotion_date" : "12-12-2017",
    "id" : "W-796414-LuckySmartSnaxWomens",
    "is_available" : true,
    "is_on_special" : true,
    "is_valid" : true,
    "key" : "13-12-2017/lists/all/W-796414-LuckySmartSnaxWomens",
    "key_in_category_list" : "13-12-2017/lists/pantry/W-796414-LuckySmartSnaxWomens",
    "likes" : 1,
    "name" : "Lucky Smart Snax Womens",
    "package_price" : "$19.64 / 1KG",
    "package_size" : "140g",
    "price" : 2.75,
    "source" : "Woolies",
    "source_short" : "W",
    "stock_code" : "796414",
    "thumbnail_url" : "https://cdn0.woolworths.media/content/wowproductimages/medium/796414.jpg",
    "was_price" : 5.5
  },
  "W-797737-LindtExcellenceDarkChocolateSeaSaltCaramel" : {
    "brand" : "lindt excellence",
    "category" : "Pantry",
    "crawl_time" : 1.513115536122393E9,
    "end_promotion_date" : "12-12-2017",
    "id" : "W-797737-LindtExcellenceDarkChocolateSeaSaltCaramel",
    "is_available" : true,
    "is_on_special" : true,
    "is_valid" : true,
    "key" : "13-12-2017/lists/all/W-797737-LindtExcellenceDarkChocolateSeaSaltCaramel",
    "key_in_category_list" : "13-12-2017/lists/pantry/W-797737-LindtExcellenceDarkChocolateSeaSaltCaramel",
    "likes" : 1,
    "name" : "Lindt Excellence Dark Chocolate Sea Salt Caramel",
    "package_price" : "$2.12 / 100G",
    "package_size" : "100g block",
    "price" : 2.12,
    "source" : "Woolies",
    "source_short" : "W",
    "stock_code" : "797737",
    "thumbnail_url" : "https://cdn0.woolworths.media/content/wowproductimages/medium/797737.jpg",
    "was_price" : 4.25
  },
  "W-798586-InspireTcQueenBedFlatSheet" : {
    "brand" : "inspire",
    "category" : "Household",
    "crawl_time" : 1.51311578280287E9,
    "end_promotion_date" : "12-12-2017",
    "id" : "W-798586-InspireTcQueenBedFlatSheet",
    "is_available" : true,
    "is_on_special" : true,
    "is_valid" : true,
    "key" : "13-12-2017/lists/all/W-798586-InspireTcQueenBedFlatSheet",
    "key_in_category_list" : "13-12-2017/lists/household/W-798586-InspireTcQueenBedFlatSheet",
    "likes" : 0,
    "name" : "Inspire 500 Tc Queen Bed Flat Sheet",
    "package_price" : "$0.00 / 0",
    "package_size" : "each",
    "price" : 17.5,
    "source" : "Woolies",
    "source_short" : "W",
    "stock_code" : "798586",
    "thumbnail_url" : "https://cdn0.woolworths.media/content/wowproductimages/medium/798586.jpg",
    "was_price" : 35.0
  },
  "W-799239-DoveNutritiveSolutionsHairShampooDailyMoisture" : {
    "brand" : "dove nutritive solutions",
    "category" : "Health & Beauty",
    "crawl_time" : 1.513115537251673E9,
    "end_promotion_date" : "12-12-2017",
    "id" : "W-799239-DoveNutritiveSolutionsHairShampooDailyMoisture",
    "is_available" : true,
    "is_on_special" : true,
    "is_valid" : true,
    "key" : "13-12-2017/lists/all/W-799239-DoveNutritiveSolutionsHairShampooDailyMoisture",
    "key_in_category_list" : "13-12-2017/lists/beauty/W-799239-DoveNutritiveSolutionsHairShampooDailyMoisture",
    "likes" : 2,
    "name" : "Dove Nutritive Solutions Hair Shampoo Daily Moisture",
    "package_price" : "$1.09 / 100ML",
    "package_size" : "320ml",
    "price" : 3.5,
    "source" : "Woolies",
    "source_short" : "W",
    "stock_code" : "799239",
    "thumbnail_url" : "https://cdn0.woolworths.media/content/wowproductimages/medium/799239.jpg",
    "was_price" : 7.0
  },
  "W-799295-DoveNutritiveSolutionsShampooIntensiveRepair" : {
    "brand" : "dove",
    "category" : "Health & Beauty",
    "crawl_time" : 1.513115412208995E9,
    "end_promotion_date" : "12-12-2017",
    "id" : "W-799295-DoveNutritiveSolutionsShampooIntensiveRepair",
    "is_available" : true,
    "is_on_special" : true,
    "is_valid" : true,
    "key" : "13-12-2017/lists/all/W-799295-DoveNutritiveSolutionsShampooIntensiveRepair",
    "key_in_category_list" : "13-12-2017/lists/beauty/W-799295-DoveNutritiveSolutionsShampooIntensiveRepair",
    "likes" : 0,
    "name" : "Dove Nutritive Solutions Shampoo Intensive Repair",
    "package_price" : "$1.09 / 100ML",
    "package_size" : "320ml",
    "price" : 3.5,
    "source" : "Woolies",
    "source_short" : "W",
    "stock_code" : "799295",
    "thumbnail_url" : "https://cdn0.woolworths.media/content/wowproductimages/medium/799295.jpg",
    "was_price" : 7.0
  },
  "W-799297-DoveNutritiveSolutionsHairConditionerDailyMoisture" : {
    "brand" : "dove nutritive solutions",
    "category" : "Health & Beauty",
    "crawl_time" : 1.513115464282785E9,
    "end_promotion_date" : "12-12-2017",
    "id" : "W-799297-DoveNutritiveSolutionsHairConditionerDailyMoisture",
    "is_available" : true,
    "is_on_special" : true,
    "is_valid" : true,
    "key" : "13-12-2017/lists/all/W-799297-DoveNutritiveSolutionsHairConditionerDailyMoisture",
    "key_in_category_list" : "13-12-2017/lists/beauty/W-799297-DoveNutritiveSolutionsHairConditionerDailyMoisture",
    "likes" : 1,
    "name" : "Dove Nutritive Solutions Hair Conditioner Daily Moisture",
    "package_price" : "$1.09 / 100ML",
    "package_size" : "320ml",
    "price" : 3.5,
    "source" : "Woolies",
    "source_short" : "W",
    "stock_code" : "799297",
    "thumbnail_url" : "https://cdn0.woolworths.media/content/wowproductimages/medium/799297.jpg",
    "was_price" : 7.0
  },
  "W-799320-DoveNutritiveSolutionsConditionerIntensiveRepair" : {
    "brand" : "dove nutritive solutions",
    "category" : "Health & Beauty",
    "crawl_time" : 1.513115709267047E9,
    "end_promotion_date" : "12-12-2017",
    "id" : "W-799320-DoveNutritiveSolutionsConditionerIntensiveRepair",
    "is_available" : true,
    "is_on_special" : true,
    "is_valid" : true,
    "key" : "13-12-2017/lists/all/W-799320-DoveNutritiveSolutionsConditionerIntensiveRepair",
    "key_in_category_list" : "13-12-2017/lists/beauty/W-799320-DoveNutritiveSolutionsConditionerIntensiveRepair",
    "likes" : 1,
    "name" : "Dove Nutritive Solutions Conditioner Intensive Repair",
    "package_price" : "$1.09 / 100ML",
    "package_size" : "320ml",
    "price" : 3.5,
    "source" : "Woolies",
    "source_short" : "W",
    "stock_code" : "799320",
    "thumbnail_url" : "https://cdn0.woolworths.media/content/wowproductimages/medium/799320.jpg",
    "was_price" : 7.0
  },
  "W-799716-EspressotoriaCapinoBlackCoffeeCapsuleMachine" : {
    "brand" : "espressotoria",
    "category" : "Pantry",
    "crawl_time" : 1.513115888962812E9,
    "end_promotion_date" : "12-12-2017",
    "id" : "W-799716-EspressotoriaCapinoBlackCoffeeCapsuleMachine",
    "is_available" : true,
    "is_on_special" : true,
    "is_valid" : true,
    "key" : "13-12-2017/lists/all/W-799716-EspressotoriaCapinoBlackCoffeeCapsuleMachine",
    "key_in_category_list" : "13-12-2017/lists/pantry/W-799716-EspressotoriaCapinoBlackCoffeeCapsuleMachine",
    "likes" : 0,
    "name" : "Espressotoria Capino Black Coffee Capsule Machine",
    "package_price" : "$49.00 / 1EA",
    "package_size" : "each",
    "price" : 49.0,
    "source" : "Woolies",
    "source_short" : "W",
    "stock_code" : "799716",
    "thumbnail_url" : "https://cdn0.woolworths.media/content/wowproductimages/medium/799716.jpg",
    "was_price" : 99.0
  },
  "W-826404-ColgateTotalMouthwashPeppermint" : {
    "brand" : "colgate total",
    "category" : "Health & Beauty",
    "crawl_time" : 1.51311527603296E9,
    "end_promotion_date" : "12-12-2017",
    "id" : "W-826404-ColgateTotalMouthwashPeppermint",
    "is_available" : true,
    "is_on_special" : true,
    "is_valid" : true,
    "key" : "13-12-2017/lists/all/W-826404-ColgateTotalMouthwashPeppermint",
    "key_in_category_list" : "13-12-2017/lists/beauty/W-826404-ColgateTotalMouthwashPeppermint",
    "likes" : 2,
    "name" : "Colgate Total Mouthwash Peppermint",
    "package_price" : "$0.90 / 100ML",
    "package_size" : "500ml",
    "price" : 4.5,
    "source" : "Woolies",
    "source_short" : "W",
    "stock_code" : "826404",
    "thumbnail_url" : "https://cdn0.woolworths.media/content/wowproductimages/medium/826404.jpg",
    "was_price" : 9.0
  },
  "W-827470-LindtExcellenceDarkChocolateRaspberryIntense" : {
    "brand" : "lindt excellence",
    "category" : "Pantry",
    "crawl_time" : 1.513115783918091E9,
    "end_promotion_date" : "12-12-2017",
    "id" : "W-827470-LindtExcellenceDarkChocolateRaspberryIntense",
    "is_available" : true,
    "is_on_special" : true,
    "is_valid" : true,
    "key" : "13-12-2017/lists/all/W-827470-LindtExcellenceDarkChocolateRaspberryIntense",
    "key_in_category_list" : "13-12-2017/lists/pantry/W-827470-LindtExcellenceDarkChocolateRaspberryIntense",
    "likes" : 0,
    "name" : "Lindt Excellence Dark Chocolate Raspberry Intense",
    "package_price" : "$2.12 / 100G",
    "package_size" : "100g block",
    "price" : 2.12,
    "source" : "Woolies",
    "source_short" : "W",
    "stock_code" : "827470",
    "thumbnail_url" : "https://cdn0.woolworths.media/content/wowproductimages/medium/827470.jpg",
    "was_price" : 4.25
  },
  "W-828610-BondsComfyTopsSemiOpaqueKneeHighBlackSize" : {
    "brand" : "bonds",
    "category" : "Household",
    "crawl_time" : 1.513115677594965E9,
    "end_promotion_date" : "12-12-2017",
    "id" : "W-828610-BondsComfyTopsSemiOpaqueKneeHighBlackSize",
    "is_available" : true,
    "is_on_special" : true,
    "is_valid" : true,
    "key" : "13-12-2017/lists/all/W-828610-BondsComfyTopsSemiOpaqueKneeHighBlackSize",
    "key_in_category_list" : "13-12-2017/lists/household/W-828610-BondsComfyTopsSemiOpaqueKneeHighBlackSize",
    "likes" : 0,
    "name" : "Bonds Comfy Tops Semi Opaque Knee High Black 1 Size",
    "package_price" : "$0.00 / 0",
    "package_size" : "each",
    "price" : 2.5,
    "source" : "Woolies",
    "source_short" : "W",
    "stock_code" : "828610",
    "thumbnail_url" : "https://cdn0.woolworths.media/content/wowproductimages/medium/828610.jpg",
    "was_price" : 5.0
  },
  "W-828655-BondsComfyTopsSemiOpaqueKneeHighNudeSize" : {
    "brand" : "bonds",
    "category" : "Household",
    "crawl_time" : 1.513115659023574E9,
    "end_promotion_date" : "12-12-2017",
    "id" : "W-828655-BondsComfyTopsSemiOpaqueKneeHighNudeSize",
    "is_available" : true,
    "is_on_special" : true,
    "is_valid" : true,
    "key" : "13-12-2017/lists/all/W-828655-BondsComfyTopsSemiOpaqueKneeHighNudeSize",
    "key_in_category_list" : "13-12-2017/lists/household/W-828655-BondsComfyTopsSemiOpaqueKneeHighNudeSize",
    "likes" : 0,
    "name" : "Bonds Comfy Tops Semi Opaque Knee High Nude 1 Size",
    "package_price" : "$0.00 / 0",
    "package_size" : "each",
    "price" : 2.5,
    "source" : "Woolies",
    "source_short" : "W",
    "stock_code" : "828655",
    "thumbnail_url" : "https://cdn0.woolworths.media/content/wowproductimages/medium/828655.jpg",
    "was_price" : 5.0
  },
  "W-828671-BondsComfyTopsSemiOpaqueTightsBlackMedlge" : {
    "brand" : "bonds",
    "category" : "Household",
    "crawl_time" : 1.513115480880524E9,
    "end_promotion_date" : "12-12-2017",
    "id" : "W-828671-BondsComfyTopsSemiOpaqueTightsBlackMedlge",
    "is_available" : true,
    "is_on_special" : true,
    "is_valid" : true,
    "key" : "13-12-2017/lists/all/W-828671-BondsComfyTopsSemiOpaqueTightsBlackMedlge",
    "key_in_category_list" : "13-12-2017/lists/household/W-828671-BondsComfyTopsSemiOpaqueTightsBlackMedlge",
    "likes" : 0,
    "name" : "Bonds Comfy Tops Semi Opaque Tights Black Med-lge",
    "package_price" : "$0.00 / 0",
    "package_size" : "each",
    "price" : 4.0,
    "source" : "Woolies",
    "source_short" : "W",
    "stock_code" : "828671",
    "thumbnail_url" : "https://cdn0.woolworths.media/content/wowproductimages/medium/828671.jpg",
    "was_price" : 8.0
  },
  "W-828673-BondsComfyTopsSemiOpaqueTightsBlackSmlmed" : {
    "brand" : "bonds",
    "category" : "Household",
    "crawl_time" : 1.513115277531439E9,
    "end_promotion_date" : "12-12-2017",
    "id" : "W-828673-BondsComfyTopsSemiOpaqueTightsBlackSmlmed",
    "is_available" : true,
    "is_on_special" : true,
    "is_valid" : true,
    "key" : "13-12-2017/lists/all/W-828673-BondsComfyTopsSemiOpaqueTightsBlackSmlmed",
    "key_in_category_list" : "13-12-2017/lists/household/W-828673-BondsComfyTopsSemiOpaqueTightsBlackSmlmed",
    "likes" : 0,
    "name" : "Bonds Comfy Tops Semi Opaque Tights Black Sml-med",
    "package_price" : "$0.00 / 0",
    "package_size" : "each",
    "price" : 4.0,
    "source" : "Woolies",
    "source_short" : "W",
    "stock_code" : "828673",
    "thumbnail_url" : "https://cdn0.woolworths.media/content/wowproductimages/medium/828673.jpg",
    "was_price" : 8.0
  },
  "W-828683-BondsComfyTopsVeryOpaqueTightsBlackMedlge" : {
    "brand" : "bonds",
    "category" : "Household",
    "crawl_time" : 1.513115556861165E9,
    "end_promotion_date" : "12-12-2017",
    "id" : "W-828683-BondsComfyTopsVeryOpaqueTightsBlackMedlge",
    "is_available" : true,
    "is_on_special" : true,
    "is_valid" : true,
    "key" : "13-12-2017/lists/all/W-828683-BondsComfyTopsVeryOpaqueTightsBlackMedlge",
    "key_in_category_list" : "13-12-2017/lists/household/W-828683-BondsComfyTopsVeryOpaqueTightsBlackMedlge",
    "likes" : 0,
    "name" : "Bonds Comfy Tops Very Opaque Tights Black Med-lge",
    "package_price" : "$0.00 / 0",
    "package_size" : "each",
    "price" : 6.0,
    "source" : "Woolies",
    "source_short" : "W",
    "stock_code" : "828683",
    "thumbnail_url" : "https://cdn0.woolworths.media/content/wowproductimages/medium/828683.jpg",
    "was_price" : 12.0
  },
  "W-828686-BondsComfyTopsVeryOpaqueTightsBlackSmlmed" : {
    "brand" : "bonds",
    "category" : "Household",
    "crawl_time" : 1.513115660155938E9,
    "end_promotion_date" : "12-12-2017",
    "id" : "W-828686-BondsComfyTopsVeryOpaqueTightsBlackSmlmed",
    "is_available" : true,
    "is_on_special" : true,
    "is_valid" : true,
    "key" : "13-12-2017/lists/all/W-828686-BondsComfyTopsVeryOpaqueTightsBlackSmlmed",
    "key_in_category_list" : "13-12-2017/lists/household/W-828686-BondsComfyTopsVeryOpaqueTightsBlackSmlmed",
    "likes" : 1,
    "name" : "Bonds Comfy Tops Very Opaque Tights Black Sml-med",
    "package_price" : "$0.00 / 0",
    "package_size" : "each",
    "price" : 6.0,
    "source" : "Woolies",
    "source_short" : "W",
    "stock_code" : "828686",
    "thumbnail_url" : "https://cdn0.woolworths.media/content/wowproductimages/medium/828686.jpg",
    "was_price" : 12.0
  },
  "W-828715-BondsComfyTopsSheerTightsNudeSm" : {
    "brand" : "bonds",
    "category" : "Household",
    "crawl_time" : 1.513115825257024E9,
    "end_promotion_date" : "12-12-2017",
    "id" : "W-828715-BondsComfyTopsSheerTightsNudeSm",
    "is_available" : true,
    "is_on_special" : true,
    "is_valid" : true,
    "key" : "13-12-2017/lists/all/W-828715-BondsComfyTopsSheerTightsNudeSm",
    "key_in_category_list" : "13-12-2017/lists/household/W-828715-BondsComfyTopsSheerTightsNudeSm",
    "likes" : 1,
    "name" : "Bonds Comfy Tops Sheer Tights Nude Sm",
    "package_price" : "$0.00 / 0",
    "package_size" : "each",
    "price" : 4.0,
    "source" : "Woolies",
    "source_short" : "W",
    "stock_code" : "828715",
    "thumbnail_url" : "https://cdn0.woolworths.media/content/wowproductimages/medium/828715.jpg",
    "was_price" : 8.0
  },
  "W-828716-BondsComfyTopsSheerTightsNudeMed" : {
    "brand" : "bonds",
    "category" : "Household",
    "crawl_time" : 1.513115433889338E9,
    "end_promotion_date" : "12-12-2017",
    "id" : "W-828716-BondsComfyTopsSheerTightsNudeMed",
    "is_available" : true,
    "is_on_special" : true,
    "is_valid" : true,
    "key" : "13-12-2017/lists/all/W-828716-BondsComfyTopsSheerTightsNudeMed",
    "key_in_category_list" : "13-12-2017/lists/household/W-828716-BondsComfyTopsSheerTightsNudeMed",
    "likes" : 0,
    "name" : "Bonds Comfy Tops Sheer Tights Nude Med",
    "package_price" : "$0.00 / 0",
    "package_size" : "each",
    "price" : 4.0,
    "source" : "Woolies",
    "source_short" : "W",
    "stock_code" : "828716",
    "thumbnail_url" : "https://cdn0.woolworths.media/content/wowproductimages/medium/828716.jpg",
    "was_price" : 8.0
  },
  "W-828718-BondsComfyTopsSheerTightsNudeLge" : {
    "brand" : "bonds",
    "category" : "Household",
    "crawl_time" : 1.513115700944035E9,
    "end_promotion_date" : "12-12-2017",
    "id" : "W-828718-BondsComfyTopsSheerTightsNudeLge",
    "is_available" : true,
    "is_on_special" : true,
    "is_valid" : true,
    "key" : "13-12-2017/lists/all/W-828718-BondsComfyTopsSheerTightsNudeLge",
    "key_in_category_list" : "13-12-2017/lists/household/W-828718-BondsComfyTopsSheerTightsNudeLge",
    "likes" : 0,
    "name" : "Bonds Comfy Tops Sheer Tights Nude Lge",
    "package_price" : "$0.00 / 0",
    "package_size" : "each",
    "price" : 4.0,
    "source" : "Woolies",
    "source_short" : "W",
    "stock_code" : "828718",
    "thumbnail_url" : "https://cdn0.woolworths.media/content/wowproductimages/medium/828718.jpg",
    "was_price" : 8.0
  },
  "W-828720-BondsComfyTopsSlimmingSheerTightsBlackLge" : {
    "brand" : "bonds",
    "category" : "Household",
    "crawl_time" : 1.513115538457096E9,
    "end_promotion_date" : "12-12-2017",
    "id" : "W-828720-BondsComfyTopsSlimmingSheerTightsBlackLge",
    "is_available" : true,
    "is_on_special" : true,
    "is_valid" : true,
    "key" : "13-12-2017/lists/all/W-828720-BondsComfyTopsSlimmingSheerTightsBlackLge",
    "key_in_category_list" : "13-12-2017/lists/household/W-828720-BondsComfyTopsSlimmingSheerTightsBlackLge",
    "likes" : 0,
    "name" : "Bonds Comfy Tops Slimming Sheer Tights Black Lge",
    "package_price" : "$0.00 / 0",
    "package_size" : "each",
    "price" : 4.0,
    "source" : "Woolies",
    "source_short" : "W",
    "stock_code" : "828720",
    "thumbnail_url" : "https://cdn0.woolworths.media/content/wowproductimages/medium/828720.jpg",
    "was_price" : 8.0
  },
  "W-828724-BondsComfyTopsSlimmingSheerTightsBlackMed" : {
    "brand" : "bonds",
    "category" : "Household",
    "crawl_time" : 1.513115436538515E9,
    "end_promotion_date" : "12-12-2017",
    "id" : "W-828724-BondsComfyTopsSlimmingSheerTightsBlackMed",
    "is_available" : true,
    "is_on_special" : true,
    "is_valid" : true,
    "key" : "13-12-2017/lists/all/W-828724-BondsComfyTopsSlimmingSheerTightsBlackMed",
    "key_in_category_list" : "13-12-2017/lists/household/W-828724-BondsComfyTopsSlimmingSheerTightsBlackMed",
    "likes" : 0,
    "name" : "Bonds Comfy Tops Slimming Sheer Tights Black Med",
    "package_price" : "$0.00 / 0",
    "package_size" : "each",
    "price" : 4.0,
    "source" : "Woolies",
    "source_short" : "W",
    "stock_code" : "828724",
    "thumbnail_url" : "https://cdn0.woolworths.media/content/wowproductimages/medium/828724.jpg",
    "was_price" : 8.0
  },
  "W-828726-BondsComfyTopsSlimmingSheerTightsBlackSml" : {
    "brand" : "bonds",
    "category" : "Household",
    "crawl_time" : 1.513115447639841E9,
    "end_promotion_date" : "12-12-2017",
    "id" : "W-828726-BondsComfyTopsSlimmingSheerTightsBlackSml",
    "is_available" : true,
    "is_on_special" : true,
    "is_valid" : true,
    "key" : "13-12-2017/lists/all/W-828726-BondsComfyTopsSlimmingSheerTightsBlackSml",
    "key_in_category_list" : "13-12-2017/lists/household/W-828726-BondsComfyTopsSlimmingSheerTightsBlackSml",
    "likes" : 0,
    "name" : "Bonds Comfy Tops Slimming Sheer Tights Black Sml",
    "package_price" : "$0.00 / 0",
    "package_size" : "each",
    "price" : 4.0,
    "source" : "Woolies",
    "source_short" : "W",
    "stock_code" : "828726",
    "thumbnail_url" : "https://cdn0.woolworths.media/content/wowproductimages/medium/828726.jpg",
    "was_price" : 8.0
  },
  "W-829048-BondsComfyTopsFleecyTightsBlackAvtl" : {
    "brand" : "bonds",
    "category" : "Household",
    "crawl_time" : 1.513115732942907E9,
    "end_promotion_date" : "12-12-2017",
    "id" : "W-829048-BondsComfyTopsFleecyTightsBlackAvtl",
    "is_available" : true,
    "is_on_special" : true,
    "is_valid" : true,
    "key" : "13-12-2017/lists/all/W-829048-BondsComfyTopsFleecyTightsBlackAvtl",
    "key_in_category_list" : "13-12-2017/lists/household/W-829048-BondsComfyTopsFleecyTightsBlackAvtl",
    "likes" : 1,
    "name" : "Bonds Comfy Tops Fleecy Tights Black Av-tl",
    "package_price" : "$0.00 / 0",
    "package_size" : "each",
    "price" : 10.0,
    "source" : "Woolies",
    "source_short" : "W",
    "stock_code" : "829048",
    "thumbnail_url" : "https://cdn0.woolworths.media/content/wowproductimages/medium/829048.jpg",
    "was_price" : 20.0
  },
  "W-829049-BondsComfyTopsFleecyTightsBlackTlxt" : {
    "brand" : "bonds",
    "category" : "Household",
    "crawl_time" : 1.513115661285005E9,
    "end_promotion_date" : "12-12-2017",
    "id" : "W-829049-BondsComfyTopsFleecyTightsBlackTlxt",
    "is_available" : true,
    "is_on_special" : true,
    "is_valid" : true,
    "key" : "13-12-2017/lists/all/W-829049-BondsComfyTopsFleecyTightsBlackTlxt",
    "key_in_category_list" : "13-12-2017/lists/household/W-829049-BondsComfyTopsFleecyTightsBlackTlxt",
    "likes" : 0,
    "name" : "Bonds Comfy Tops Fleecy Tights Black Tl-xt",
    "package_price" : "$0.00 / 0",
    "package_size" : "each",
    "price" : 10.0,
    "source" : "Woolies",
    "source_short" : "W",
    "stock_code" : "829049",
    "thumbnail_url" : "https://cdn0.woolworths.media/content/wowproductimages/medium/829049.jpg",
    "was_price" : 20.0
  },
  "W-829318-EspressotoriaVittoriaCoffeeEspressoCoffeeCapsules" : {
    "brand" : "espressotoria",
    "category" : "Pantry",
    "crawl_time" : 1.513115727181248E9,
    "end_promotion_date" : "12-12-2017",
    "id" : "W-829318-EspressotoriaVittoriaCoffeeEspressoCoffeeCapsules",
    "is_available" : true,
    "is_on_special" : true,
    "is_valid" : true,
    "key" : "13-12-2017/lists/all/W-829318-EspressotoriaVittoriaCoffeeEspressoCoffeeCapsules",
    "key_in_category_list" : "13-12-2017/lists/pantry/W-829318-EspressotoriaVittoriaCoffeeEspressoCoffeeCapsules",
    "likes" : 2,
    "name" : "Espressotoria Vittoria Coffee Espresso Coffee Capsules",
    "package_price" : "$0.35 / 1EA",
    "package_size" : "12pk",
    "price" : 4.2,
    "source" : "Woolies",
    "source_short" : "W",
    "stock_code" : "829318",
    "thumbnail_url" : "https://cdn0.woolworths.media/content/wowproductimages/medium/829318.jpg",
    "was_price" : 8.4
  },
  "W-829319-EspressotoriaVittoriaCoffeeMountainGrownCoffeeCapsules" : {
    "brand" : "espressotoria",
    "category" : "Pantry",
    "crawl_time" : 1.513115539636079E9,
    "end_promotion_date" : "12-12-2017",
    "id" : "W-829319-EspressotoriaVittoriaCoffeeMountainGrownCoffeeCapsules",
    "is_available" : true,
    "is_on_special" : true,
    "is_valid" : true,
    "key" : "13-12-2017/lists/all/W-829319-EspressotoriaVittoriaCoffeeMountainGrownCoffeeCapsules",
    "key_in_category_list" : "13-12-2017/lists/pantry/W-829319-EspressotoriaVittoriaCoffeeMountainGrownCoffeeCapsules",
    "likes" : 0,
    "name" : "Espressotoria Vittoria Coffee Mountain Grown Coffee Capsules",
    "package_price" : "$0.35 / 1EA",
    "package_size" : "12pk",
    "price" : 4.2,
    "source" : "Woolies",
    "source_short" : "W",
    "stock_code" : "829319",
    "thumbnail_url" : "https://cdn0.woolworths.media/content/wowproductimages/medium/829319.jpg",
    "was_price" : 8.4
  },
  "W-829320-EspressotoriaVittoriaCoffeeOroCoffeeCapsules" : {
    "brand" : "espressotoria",
    "category" : "Pantry",
    "crawl_time" : 1.513115600717036E9,
    "end_promotion_date" : "12-12-2017",
    "id" : "W-829320-EspressotoriaVittoriaCoffeeOroCoffeeCapsules",
    "is_available" : true,
    "is_on_special" : true,
    "is_valid" : true,
    "key" : "13-12-2017/lists/all/W-829320-EspressotoriaVittoriaCoffeeOroCoffeeCapsules",
    "key_in_category_list" : "13-12-2017/lists/pantry/W-829320-EspressotoriaVittoriaCoffeeOroCoffeeCapsules",
    "likes" : 0,
    "name" : "Espressotoria Vittoria Coffee Oro Coffee Capsules",
    "package_price" : "$0.35 / 1EA",
    "package_size" : "12pk",
    "price" : 4.2,
    "source" : "Woolies",
    "source_short" : "W",
    "stock_code" : "829320",
    "thumbnail_url" : "https://cdn0.woolworths.media/content/wowproductimages/medium/829320.jpg",
    "was_price" : 8.4
  },
  "W-829348-SchickHydroSilkTrimstyleKit" : {
    "brand" : "schick hydro silk",
    "category" : "Health & Beauty",
    "crawl_time" : 1.513115824021151E9,
    "end_promotion_date" : "12-12-2017",
    "id" : "W-829348-SchickHydroSilkTrimstyleKit",
    "is_available" : true,
    "is_on_special" : true,
    "is_valid" : true,
    "key" : "13-12-2017/lists/all/W-829348-SchickHydroSilkTrimstyleKit",
    "key_in_category_list" : "13-12-2017/lists/beauty/W-829348-SchickHydroSilkTrimstyleKit",
    "likes" : 3,
    "name" : "Schick Hydro Silk Trimstyle Kit ",
    "package_price" : "$0.00 / 0",
    "package_size" : "each",
    "price" : 11.0,
    "source" : "Woolies",
    "source_short" : "W",
    "stock_code" : "829348",
    "thumbnail_url" : "https://cdn0.woolworths.media/content/wowproductimages/medium/829348.jpg",
    "was_price" : 22.0
  },
  "W-829794-BondsComfyTopsVeryOpaqueLeggingsSmlmed" : {
    "brand" : "bonds",
    "category" : "Household",
    "crawl_time" : 1.513115576118124E9,
    "end_promotion_date" : "12-12-2017",
    "id" : "W-829794-BondsComfyTopsVeryOpaqueLeggingsSmlmed",
    "is_available" : true,
    "is_on_special" : true,
    "is_valid" : true,
    "key" : "13-12-2017/lists/all/W-829794-BondsComfyTopsVeryOpaqueLeggingsSmlmed",
    "key_in_category_list" : "13-12-2017/lists/household/W-829794-BondsComfyTopsVeryOpaqueLeggingsSmlmed",
    "likes" : 1,
    "name" : "Bonds Comfy Tops Very Opaque Leggings Sml-med",
    "package_price" : "$0.00 / 0",
    "package_size" : "each",
    "price" : 6.5,
    "source" : "Woolies",
    "source_short" : "W",
    "stock_code" : "829794",
    "thumbnail_url" : "https://cdn0.woolworths.media/content/wowproductimages/medium/829794.jpg",
    "was_price" : 13.0
  },
  "W-829803-BondsComfyTopsVeryOpaqueLeggingsMedlge" : {
    "brand" : "bonds",
    "category" : "Household",
    "crawl_time" : 1.513115413399792E9,
    "end_promotion_date" : "12-12-2017",
    "id" : "W-829803-BondsComfyTopsVeryOpaqueLeggingsMedlge",
    "is_available" : true,
    "is_on_special" : true,
    "is_valid" : true,
    "key" : "13-12-2017/lists/all/W-829803-BondsComfyTopsVeryOpaqueLeggingsMedlge",
    "key_in_category_list" : "13-12-2017/lists/household/W-829803-BondsComfyTopsVeryOpaqueLeggingsMedlge",
    "likes" : 0,
    "name" : "Bonds Comfy Tops Very Opaque Leggings Med-lge",
    "package_price" : "$0.00 / 0",
    "package_size" : "each",
    "price" : 6.5,
    "source" : "Woolies",
    "source_short" : "W",
    "stock_code" : "829803",
    "thumbnail_url" : "https://cdn0.woolworths.media/content/wowproductimages/medium/829803.jpg",
    "was_price" : 13.0
  },
  "W-841159-OrganicCareRefreshingFoamingHandwash" : {
    "brand" : "organic care",
    "category" : "Health & Beauty",
    "crawl_time" : 1.513115795956968E9,
    "end_promotion_date" : "12-12-2017",
    "id" : "W-841159-OrganicCareRefreshingFoamingHandwash",
    "is_available" : true,
    "is_on_special" : true,
    "is_valid" : true,
    "key" : "13-12-2017/lists/all/W-841159-OrganicCareRefreshingFoamingHandwash",
    "key_in_category_list" : "13-12-2017/lists/beauty/W-841159-OrganicCareRefreshingFoamingHandwash",
    "likes" : 2,
    "name" : "Organic Care Refreshing Foaming Handwash",
    "package_price" : "$0.80 / 100ML",
    "package_size" : "250ml",
    "price" : 1.99,
    "source" : "Woolies",
    "source_short" : "W",
    "stock_code" : "841159",
    "thumbnail_url" : "https://cdn0.woolworths.media/content/wowproductimages/medium/841159.jpg",
    "was_price" : 3.99
  },
  "W-84552-CocacolaCans" : {
    "brand" : "coca-cola",
    "category" : "Drinks",
    "crawl_time" : 1.513107111347338E9,
    "end_promotion_date" : "12-12-2017",
    "id" : "W-84552-CocacolaCans",
    "is_available" : true,
    "is_on_special" : true,
    "is_valid" : true,
    "key" : "13-12-2017/lists/all/W-84552-CocacolaCans",
    "key_in_category_list" : "13-12-2017/lists/drinks/W-84552-CocacolaCans",
    "likes" : 12,
    "name" : "Coca-cola Cans ",
    "package_price" : "$1.96 / 1L",
    "package_size" : "30x375ml pack",
    "price" : 22.05,
    "source" : "Woolies",
    "source_short" : "W",
    "stock_code" : "84552",
    "thumbnail_url" : "https://cdn0.woolworths.media/content/wowproductimages/medium/084552.jpg",
    "was_price" : 39.6
  },
  "W-85159-CocacolaDietCan" : {
    "brand" : "coca-cola",
    "category" : "Drinks",
    "crawl_time" : 1.513107027373127E9,
    "end_promotion_date" : "12-12-2017",
    "id" : "W-85159-CocacolaDietCan",
    "is_available" : true,
    "is_on_special" : true,
    "is_valid" : true,
    "key" : "13-12-2017/lists/all/W-85159-CocacolaDietCan",
    "key_in_category_list" : "13-12-2017/lists/drinks/W-85159-CocacolaDietCan",
    "likes" : 0,
    "name" : "Coca-cola Diet Can",
    "package_price" : "$1.96 / 1L",
    "package_size" : "30x375ml",
    "price" : 22.05,
    "source" : "Woolies",
    "source_short" : "W",
    "stock_code" : "85159",
    "thumbnail_url" : "https://cdn0.woolworths.media/content/wowproductimages/medium/085159.jpg",
    "was_price" : 39.6
  },
  "W-856797-SchollFootFileVelvetSmoothPink" : {
    "brand" : "scholl",
    "category" : "Health & Beauty",
    "crawl_time" : 1.513115541093426E9,
    "end_promotion_date" : "12-12-2017",
    "id" : "W-856797-SchollFootFileVelvetSmoothPink",
    "is_available" : true,
    "is_on_special" : true,
    "is_valid" : true,
    "key" : "13-12-2017/lists/all/W-856797-SchollFootFileVelvetSmoothPink",
    "key_in_category_list" : "13-12-2017/lists/beauty/W-856797-SchollFootFileVelvetSmoothPink",
    "likes" : 1,
    "name" : "Scholl Foot File Velvet Smooth Pink",
    "package_price" : "$27.50 / 1EA",
    "package_size" : "each",
    "price" : 27.5,
    "source" : "Woolies",
    "source_short" : "W",
    "stock_code" : "856797",
    "thumbnail_url" : "https://cdn0.woolworths.media/content/wowproductimages/medium/856797.jpg",
    "was_price" : 55.0
  },
  "W-85719-GreenseasTunaSweetChilli" : {
    "brand" : "greenseas",
    "category" : "Pantry",
    "crawl_time" : 1.513115860077156E9,
    "end_promotion_date" : "12-12-2017",
    "id" : "W-85719-GreenseasTunaSweetChilli",
    "is_available" : true,
    "is_on_special" : true,
    "is_valid" : true,
    "key" : "13-12-2017/lists/all/W-85719-GreenseasTunaSweetChilli",
    "key_in_category_list" : "13-12-2017/lists/pantry/W-85719-GreenseasTunaSweetChilli",
    "likes" : 1,
    "name" : "Greenseas Tuna Sweet Chilli",
    "package_price" : "$10.53 / 1KG",
    "package_size" : "95g",
    "price" : 1.0,
    "source" : "Woolies",
    "source_short" : "W",
    "stock_code" : "85719",
    "thumbnail_url" : "https://cdn0.woolworths.media/content/wowproductimages/medium/085719.jpg",
    "was_price" : 2.0
  },
  "W-858538-GarnierFructisFullLusciousShampoo" : {
    "brand" : "garnier fructis",
    "category" : "Health & Beauty",
    "crawl_time" : 1.513115699823877E9,
    "end_promotion_date" : "12-12-2017",
    "id" : "W-858538-GarnierFructisFullLusciousShampoo",
    "is_available" : true,
    "is_on_special" : true,
    "is_valid" : true,
    "key" : "13-12-2017/lists/all/W-858538-GarnierFructisFullLusciousShampoo",
    "key_in_category_list" : "13-12-2017/lists/beauty/W-858538-GarnierFructisFullLusciousShampoo",
    "likes" : 0,
    "name" : "Garnier Fructis Full & Luscious Shampoo",
    "package_price" : "$0.86 / 100ML",
    "package_size" : "700ml",
    "price" : 6.0,
    "source" : "Woolies",
    "source_short" : "W",
    "stock_code" : "858538",
    "thumbnail_url" : "https://cdn0.woolworths.media/content/wowproductimages/medium/858538.jpg",
    "was_price" : 12.0
  },
  "W-858563-GarnierFructisFullLusciousConditioner" : {
    "brand" : "garnier fructis",
    "category" : "Health & Beauty",
    "crawl_time" : 1.513115799631655E9,
    "end_promotion_date" : "12-12-2017",
    "id" : "W-858563-GarnierFructisFullLusciousConditioner",
    "is_available" : true,
    "is_on_special" : true,
    "is_valid" : true,
    "key" : "13-12-2017/lists/all/W-858563-GarnierFructisFullLusciousConditioner",
    "key_in_category_list" : "13-12-2017/lists/beauty/W-858563-GarnierFructisFullLusciousConditioner",
    "likes" : 0,
    "name" : "Garnier Fructis Full & Luscious Conditioner",
    "package_price" : "$0.86 / 100ML",
    "package_size" : "700ml",
    "price" : 6.0,
    "source" : "Woolies",
    "source_short" : "W",
    "stock_code" : "858563",
    "thumbnail_url" : "https://cdn0.woolworths.media/content/wowproductimages/medium/858563.jpg",
    "was_price" : 12.0
  },
  "W-881352-BondsMensWorkCrewSocksSize" : {
    "brand" : "bonds mens",
    "category" : "Household",
    "crawl_time" : 1.513115730612152E9,
    "end_promotion_date" : "12-12-2017",
    "id" : "W-881352-BondsMensWorkCrewSocksSize",
    "is_available" : true,
    "is_on_special" : true,
    "is_valid" : true,
    "key" : "13-12-2017/lists/all/W-881352-BondsMensWorkCrewSocksSize",
    "key_in_category_list" : "13-12-2017/lists/household/W-881352-BondsMensWorkCrewSocksSize",
    "likes" : 2,
    "name" : "Bonds Mens Work Crew Socks Size 6+",
    "package_price" : "$0.00 / 0",
    "package_size" : "3pk",
    "price" : 8.0,
    "source" : "Woolies",
    "source_short" : "W",
    "stock_code" : "881352",
    "thumbnail_url" : "https://cdn0.woolworths.media/content/wowproductimages/medium/881352.jpg",
    "was_price" : 16.0
  },
  "W-881608-BondsMensWorkCrewSocksSize" : {
    "brand" : "bonds mens",
    "category" : "Household",
    "crawl_time" : 1.513115485641622E9,
    "end_promotion_date" : "12-12-2017",
    "id" : "W-881608-BondsMensWorkCrewSocksSize",
    "is_available" : true,
    "is_on_special" : true,
    "is_valid" : true,
    "key" : "13-12-2017/lists/all/W-881608-BondsMensWorkCrewSocksSize",
    "key_in_category_list" : "13-12-2017/lists/household/W-881608-BondsMensWorkCrewSocksSize",
    "likes" : 0,
    "name" : "Bonds Mens Work Crew Socks Size 11+",
    "package_price" : "$0.00 / 0",
    "package_size" : "3pk",
    "price" : 8.0,
    "source" : "Woolies",
    "source_short" : "W",
    "stock_code" : "881608",
    "thumbnail_url" : "https://cdn0.woolworths.media/content/wowproductimages/medium/881608.jpg",
    "was_price" : 16.0
  },
  "W-881766-BaileysIceCream" : {
    "brand" : "baileys",
    "category" : "Frozen",
    "crawl_time" : 1.513115583138383E9,
    "end_promotion_date" : "12-12-2017",
    "id" : "W-881766-BaileysIceCream",
    "is_available" : true,
    "is_on_special" : true,
    "is_valid" : true,
    "key" : "13-12-2017/lists/all/W-881766-BaileysIceCream",
    "key_in_category_list" : "13-12-2017/lists/frozen/W-881766-BaileysIceCream",
    "likes" : 7,
    "name" : "Baileys Ice Cream ",
    "package_price" : "$0.80 / 100ML",
    "package_size" : "500ml tub",
    "price" : 4.0,
    "source" : "Woolies",
    "source_short" : "W",
    "stock_code" : "881766",
    "thumbnail_url" : "https://cdn0.woolworths.media/content/wowproductimages/medium/881766.jpg",
    "was_price" : 8.0
  },
  "W-884314-MaltesersTeasers" : {
    "brand" : "maltesers",
    "category" : "Pantry",
    "crawl_time" : 1.51311554224358E9,
    "end_promotion_date" : "12-12-2017",
    "id" : "W-884314-MaltesersTeasers",
    "is_available" : true,
    "is_on_special" : true,
    "is_valid" : true,
    "key" : "13-12-2017/lists/all/W-884314-MaltesersTeasers",
    "key_in_category_list" : "13-12-2017/lists/pantry/W-884314-MaltesersTeasers",
    "likes" : 0,
    "name" : "Maltesers Teasers ",
    "package_price" : "$2.86 / 100G",
    "package_size" : "35g bar",
    "price" : 1.0,
    "source" : "Woolies",
    "source_short" : "W",
    "stock_code" : "884314",
    "thumbnail_url" : "https://cdn0.woolworths.media/content/wowproductimages/medium/884314.jpg",
    "was_price" : 2.0
  },
  "W-887272-OlayRegeneristMiracleBoostYouthEssence" : {
    "brand" : "olay",
    "category" : "Health & Beauty",
    "crawl_time" : 1.513115414742724E9,
    "end_promotion_date" : "12-12-2017",
    "id" : "W-887272-OlayRegeneristMiracleBoostYouthEssence",
    "is_available" : true,
    "is_on_special" : true,
    "is_valid" : true,
    "key" : "13-12-2017/lists/all/W-887272-OlayRegeneristMiracleBoostYouthEssence",
    "key_in_category_list" : "13-12-2017/lists/beauty/W-887272-OlayRegeneristMiracleBoostYouthEssence",
    "likes" : 1,
    "name" : "Olay Regenerist Miracle Boost Youth Essence",
    "package_price" : "$49.98 / 100ML",
    "package_size" : "40ml",
    "price" : 19.99,
    "source" : "Woolies",
    "source_short" : "W",
    "stock_code" : "887272",
    "thumbnail_url" : "https://cdn0.woolworths.media/content/wowproductimages/medium/887272.jpg",
    "was_price" : 39.99
  },
  "W-8896-FerreroRocherChocolates" : {
    "brand" : "ferrero rocher",
    "category" : "Pantry",
    "crawl_time" : 1.513115685172149E9,
    "end_promotion_date" : "12-12-2017",
    "id" : "W-8896-FerreroRocherChocolates",
    "is_available" : true,
    "is_on_special" : true,
    "is_valid" : true,
    "key" : "13-12-2017/lists/all/W-8896-FerreroRocherChocolates",
    "key_in_category_list" : "13-12-2017/lists/pantry/W-8896-FerreroRocherChocolates",
    "likes" : 2,
    "name" : "Ferrero Rocher Chocolates ",
    "package_price" : "$3.15 / 100G",
    "package_size" : "16pk 200g box",
    "price" : 6.3,
    "source" : "Woolies",
    "source_short" : "W",
    "stock_code" : "8896",
    "thumbnail_url" : "https://cdn0.woolworths.media/content/wowproductimages/medium/008896.jpg",
    "was_price" : 12.6
  },
  "W-900304-MorteinPeacefulNightsAutomaticPlugIn" : {
    "brand" : "mortein",
    "category" : "Household",
    "crawl_time" : 1.513115851559498E9,
    "end_promotion_date" : "12-12-2017",
    "id" : "W-900304-MorteinPeacefulNightsAutomaticPlugIn",
    "is_available" : true,
    "is_on_special" : true,
    "is_valid" : true,
    "key" : "13-12-2017/lists/all/W-900304-MorteinPeacefulNightsAutomaticPlugIn",
    "key_in_category_list" : "13-12-2017/lists/household/W-900304-MorteinPeacefulNightsAutomaticPlugIn",
    "likes" : 1,
    "name" : "Mortein Peaceful Nights Automatic Plug In",
    "package_price" : "$9.99 / 1EA",
    "package_size" : "each",
    "price" : 9.99,
    "source" : "Woolies",
    "source_short" : "W",
    "stock_code" : "900304",
    "thumbnail_url" : "https://cdn0.woolworths.media/content/wowproductimages/medium/900304.jpg",
    "was_price" : 19.99
  },
  "W-900346-MorteinAutoInsectControlSystemOdourless" : {
    "brand" : "mortein",
    "category" : "Household",
    "crawl_time" : 1.513115890096956E9,
    "end_promotion_date" : "12-12-2017",
    "id" : "W-900346-MorteinAutoInsectControlSystemOdourless",
    "is_available" : true,
    "is_on_special" : true,
    "is_valid" : true,
    "key" : "13-12-2017/lists/all/W-900346-MorteinAutoInsectControlSystemOdourless",
    "key_in_category_list" : "13-12-2017/lists/household/W-900346-MorteinAutoInsectControlSystemOdourless",
    "likes" : 4,
    "name" : "Mortein Auto Insect Control System Odourless",
    "package_price" : "$9.74 / 100G",
    "package_size" : "154g",
    "price" : 15.0,
    "source" : "Woolies",
    "source_short" : "W",
    "stock_code" : "900346",
    "thumbnail_url" : "https://cdn0.woolworths.media/content/wowproductimages/medium/900346.jpg",
    "was_price" : 30.0
  },
  "W-922933-DecorMicrosafeContainerNoodleBowl" : {
    "brand" : "decor microsafe",
    "category" : "Household",
    "crawl_time" : 1.513115415861141E9,
    "end_promotion_date" : "12-12-2017",
    "id" : "W-922933-DecorMicrosafeContainerNoodleBowl",
    "is_available" : true,
    "is_on_special" : true,
    "is_valid" : true,
    "key" : "13-12-2017/lists/all/W-922933-DecorMicrosafeContainerNoodleBowl",
    "key_in_category_list" : "13-12-2017/lists/household/W-922933-DecorMicrosafeContainerNoodleBowl",
    "likes" : 1,
    "name" : "Decor Microsafe Container Noodle Bowl",
    "package_price" : "$0.00 / 0",
    "package_size" : "each",
    "price" : 3.99,
    "source" : "Woolies",
    "source_short" : "W",
    "stock_code" : "922933",
    "thumbnail_url" : "https://cdn0.woolworths.media/content/wowproductimages/medium/922933.jpg",
    "was_price" : 7.99
  },
  "W-923909-DecorThermostoneBakingDishOblong" : {
    "brand" : "decor thermostone",
    "category" : "Household",
    "crawl_time" : 1.513115834608454E9,
    "end_promotion_date" : "12-12-2017",
    "id" : "W-923909-DecorThermostoneBakingDishOblong",
    "is_available" : true,
    "is_on_special" : true,
    "is_valid" : true,
    "key" : "13-12-2017/lists/all/W-923909-DecorThermostoneBakingDishOblong",
    "key_in_category_list" : "13-12-2017/lists/household/W-923909-DecorThermostoneBakingDishOblong",
    "likes" : 2,
    "name" : "Decor Thermostone Baking Dish Oblong",
    "package_price" : "$0.00 / 0",
    "package_size" : "3l",
    "price" : 14.49,
    "source" : "Woolies",
    "source_short" : "W",
    "stock_code" : "923909",
    "thumbnail_url" : "https://cdn0.woolworths.media/content/wowproductimages/medium/923909.jpg",
    "was_price" : 28.99
  },
  "W-923915-DecorThermostoneRealsealOblongBakingDish" : {
    "brand" : "decor thermostone",
    "category" : "Household",
    "crawl_time" : 1.513115417109078E9,
    "end_promotion_date" : "12-12-2017",
    "id" : "W-923915-DecorThermostoneRealsealOblongBakingDish",
    "is_available" : true,
    "is_on_special" : true,
    "is_valid" : true,
    "key" : "13-12-2017/lists/all/W-923915-DecorThermostoneRealsealOblongBakingDish",
    "key_in_category_list" : "13-12-2017/lists/household/W-923915-DecorThermostoneRealsealOblongBakingDish",
    "likes" : 2,
    "name" : "Decor Thermostone Realseal Oblong Baking Dish",
    "package_price" : "$0.00 / 0",
    "package_size" : "1.8l",
    "price" : 10.99,
    "source" : "Woolies",
    "source_short" : "W",
    "stock_code" : "923915",
    "thumbnail_url" : "https://cdn0.woolworths.media/content/wowproductimages/medium/923915.jpg",
    "was_price" : 21.99
  },
  "W-924332-MarsCelebrations" : {
    "brand" : "mars",
    "category" : "Pantry",
    "crawl_time" : 1.513115785073352E9,
    "end_promotion_date" : "12-12-2017",
    "id" : "W-924332-MarsCelebrations",
    "is_available" : true,
    "is_on_special" : true,
    "is_valid" : true,
    "key" : "13-12-2017/lists/all/W-924332-MarsCelebrations",
    "key_in_category_list" : "13-12-2017/lists/pantry/W-924332-MarsCelebrations",
    "likes" : 8,
    "name" : "Mars Celebrations ",
    "package_price" : "$1.67 / 100G",
    "package_size" : "300g gift box",
    "price" : 5.0,
    "source" : "Woolies",
    "source_short" : "W",
    "stock_code" : "924332",
    "thumbnail_url" : "https://cdn0.woolworths.media/content/wowproductimages/medium/924332.jpg",
    "was_price" : 10.0
  },
  "W-92483-GoldenCirclePineappleCoconutFruitDrink" : {
    "brand" : "golden circle",
    "category" : "Household",
    "crawl_time" : 1.513115809385075E9,
    "end_promotion_date" : "12-12-2017",
    "id" : "W-92483-GoldenCirclePineappleCoconutFruitDrink",
    "is_available" : true,
    "is_on_special" : true,
    "is_valid" : true,
    "key" : "13-12-2017/lists/all/W-92483-GoldenCirclePineappleCoconutFruitDrink",
    "key_in_category_list" : "13-12-2017/lists/household/W-92483-GoldenCirclePineappleCoconutFruitDrink",
    "likes" : 9,
    "name" : "Golden Circle Pineapple & Coconut Fruit Drink",
    "package_price" : "$1.10 / 1L",
    "package_size" : "1l",
    "price" : 1.1,
    "source" : "Woolies",
    "source_short" : "W",
    "stock_code" : "92483",
    "thumbnail_url" : "https://cdn0.woolworths.media/content/wowproductimages/medium/092483.jpg",
    "was_price" : 2.25
  },
  "W-927678-VegeDeliCrispsChiaLightlySalted" : {
    "brand" : "vege",
    "category" : "Pantry",
    "crawl_time" : 1.51311583122168E9,
    "end_promotion_date" : "12-12-2017",
    "id" : "W-927678-VegeDeliCrispsChiaLightlySalted",
    "is_available" : true,
    "is_on_special" : true,
    "is_valid" : true,
    "key" : "13-12-2017/lists/all/W-927678-VegeDeliCrispsChiaLightlySalted",
    "key_in_category_list" : "13-12-2017/lists/pantry/W-927678-VegeDeliCrispsChiaLightlySalted",
    "likes" : 0,
    "name" : "Vege Deli Crisps Chia Lightly Salted",
    "package_price" : "$2.49 / 100G",
    "package_size" : "100g",
    "price" : 2.49,
    "source" : "Woolies",
    "source_short" : "W",
    "stock_code" : "927678",
    "thumbnail_url" : "https://cdn0.woolworths.media/content/wowproductimages/medium/927678.jpg",
    "was_price" : 4.99
  },
  "W-930942-FourNTwentySuperChunkySteakVegetable" : {
    "brand" : "four n twenty",
    "category" : "Frozen",
    "crawl_time" : 1.513115830029294E9,
    "end_promotion_date" : "12-12-2017",
    "id" : "W-930942-FourNTwentySuperChunkySteakVegetable",
    "is_available" : true,
    "is_on_special" : true,
    "is_valid" : true,
    "key" : "13-12-2017/lists/all/W-930942-FourNTwentySuperChunkySteakVegetable",
    "key_in_category_list" : "13-12-2017/lists/frozen/W-930942-FourNTwentySuperChunkySteakVegetable",
    "likes" : 1,
    "name" : "Four N Twenty Super Chunky Steak & Vegetable",
    "package_price" : "$0.59 / 100G",
    "package_size" : "4pk 760g",
    "price" : 4.5,
    "source" : "Woolies",
    "source_short" : "W",
    "stock_code" : "930942",
    "thumbnail_url" : "https://cdn0.woolworths.media/content/wowproductimages/medium/930942.jpg",
    "was_price" : 9.0
  },
  "W-93373-GuylianChocolateSeaShells" : {
    "brand" : "guylian",
    "category" : "Pantry",
    "crawl_time" : 1.513115571062368E9,
    "end_promotion_date" : "12-12-2017",
    "id" : "W-93373-GuylianChocolateSeaShells",
    "is_available" : true,
    "is_on_special" : true,
    "is_valid" : true,
    "key" : "13-12-2017/lists/all/W-93373-GuylianChocolateSeaShells",
    "key_in_category_list" : "13-12-2017/lists/pantry/W-93373-GuylianChocolateSeaShells",
    "likes" : 1,
    "name" : "Guylian Chocolate Sea Shells ",
    "package_price" : "$3.20 / 100G",
    "package_size" : "250g gift box",
    "price" : 8.0,
    "source" : "Woolies",
    "source_short" : "W",
    "stock_code" : "93373",
    "thumbnail_url" : "https://cdn0.woolworths.media/content/wowproductimages/medium/093373.jpg",
    "was_price" : 16.0
  },
  "W-935027-SchollVelvetSmoothElectronicNailCareSystem" : {
    "brand" : "scholl velvet smooth",
    "category" : "Health & Beauty",
    "crawl_time" : 1.513115670550226E9,
    "end_promotion_date" : "12-12-2017",
    "id" : "W-935027-SchollVelvetSmoothElectronicNailCareSystem",
    "is_available" : true,
    "is_on_special" : true,
    "is_valid" : true,
    "key" : "13-12-2017/lists/all/W-935027-SchollVelvetSmoothElectronicNailCareSystem",
    "key_in_category_list" : "13-12-2017/lists/beauty/W-935027-SchollVelvetSmoothElectronicNailCareSystem",
    "likes" : 0,
    "name" : "Scholl Velvet Smooth Electronic Nail Care System ",
    "package_price" : "$20.00 / 1EA",
    "package_size" : "each",
    "price" : 20.0,
    "source" : "Woolies",
    "source_short" : "W",
    "stock_code" : "935027",
    "thumbnail_url" : "https://cdn0.woolworths.media/content/wowproductimages/medium/935027.jpg",
    "was_price" : 40.0
  },
  "W-942038-NaturesWaySuperfoodTurmericTablets" : {
    "brand" : "nature's way",
    "category" : "Health & Beauty",
    "crawl_time" : 1.513115418322478E9,
    "end_promotion_date" : "12-12-2017",
    "id" : "W-942038-NaturesWaySuperfoodTurmericTablets",
    "is_available" : true,
    "is_on_special" : true,
    "is_valid" : true,
    "key" : "13-12-2017/lists/all/W-942038-NaturesWaySuperfoodTurmericTablets",
    "key_in_category_list" : "13-12-2017/lists/beauty/W-942038-NaturesWaySuperfoodTurmericTablets",
    "likes" : 4,
    "name" : "Nature's Way Superfood Turmeric Tablets",
    "package_price" : "$16.67 / 100EA",
    "package_size" : "60ea",
    "price" : 10.0,
    "source" : "Woolies",
    "source_short" : "W",
    "stock_code" : "942038",
    "thumbnail_url" : "https://cdn0.woolworths.media/content/wowproductimages/medium/942038.jpg",
    "was_price" : 20.0
  },
  "W-95093-OceanSprayBerriesCraisinsCranberry" : {
    "brand" : "ocean spray",
    "category" : "Pantry",
    "crawl_time" : 1.513115833472324E9,
    "end_promotion_date" : "12-12-2017",
    "id" : "W-95093-OceanSprayBerriesCraisinsCranberry",
    "is_available" : true,
    "is_on_special" : true,
    "is_valid" : true,
    "key" : "13-12-2017/lists/all/W-95093-OceanSprayBerriesCraisinsCranberry",
    "key_in_category_list" : "13-12-2017/lists/pantry/W-95093-OceanSprayBerriesCraisinsCranberry",
    "likes" : 1,
    "name" : "Ocean Spray Berries Craisins Cranberry",
    "package_price" : "$11.76 / 1KG",
    "package_size" : "170g",
    "price" : 2.0,
    "source" : "Woolies",
    "source_short" : "W",
    "stock_code" : "95093",
    "thumbnail_url" : "https://cdn0.woolworths.media/content/wowproductimages/medium/095093.jpg",
    "was_price" : 4.0
  },
  "W-9772-BullaCrunchDoubleChoc" : {
    "brand" : "bulla",
    "category" : "Household",
    "crawl_time" : 1.513115446361219E9,
    "end_promotion_date" : "12-12-2017",
    "id" : "W-9772-BullaCrunchDoubleChoc",
    "is_available" : true,
    "is_on_special" : true,
    "is_valid" : true,
    "key" : "13-12-2017/lists/all/W-9772-BullaCrunchDoubleChoc",
    "key_in_category_list" : "13-12-2017/lists/household/W-9772-BullaCrunchDoubleChoc",
    "likes" : 3,
    "name" : "Bulla Crunch Double Choc",
    "package_price" : "$0.54 / 100ML",
    "package_size" : "8pk 631ml",
    "price" : 3.4,
    "source" : "Woolies",
    "source_short" : "W",
    "stock_code" : "9772",
    "thumbnail_url" : "https://cdn0.woolworths.media/content/wowproductimages/medium/009772.jpg",
    "was_price" : 6.8
  },
  "W-98378-MarsBar" : {
    "brand" : "mars",
    "category" : "Pantry",
    "crawl_time" : 1.513115691315545E9,
    "end_promotion_date" : "12-12-2017",
    "id" : "W-98378-MarsBar",
    "is_available" : true,
    "is_on_special" : true,
    "is_valid" : true,
    "key" : "13-12-2017/lists/all/W-98378-MarsBar",
    "key_in_category_list" : "13-12-2017/lists/pantry/W-98378-MarsBar",
    "likes" : 3,
    "name" : "Mars Bar ",
    "package_price" : "$1.89 / 100G",
    "package_size" : "53g bar",
    "price" : 1.0,
    "source" : "Woolies",
    "source_short" : "W",
    "stock_code" : "98378",
    "thumbnail_url" : "https://cdn0.woolworths.media/content/wowproductimages/medium/098378.jpg",
    "was_price" : 2.0
  },
  "W-99291-ValvolineOilMotorXld" : {
    "brand" : "valvoline",
    "category" : "Household",
    "crawl_time" : 1.513115566307512E9,
    "end_promotion_date" : "12-12-2017",
    "id" : "W-99291-ValvolineOilMotorXld",
    "is_available" : true,
    "is_on_special" : true,
    "is_valid" : true,
    "key" : "13-12-2017/lists/all/W-99291-ValvolineOilMotorXld",
    "key_in_category_list" : "13-12-2017/lists/household/W-99291-ValvolineOilMotorXld",
    "likes" : 2,
    "name" : "Valvoline Oil Motor Xld",
    "package_price" : "$0.34 / 100ML",
    "package_size" : "20w/50 4l",
    "price" : 13.5,
    "source" : "Woolies",
    "source_short" : "W",
    "stock_code" : "99291",
    "thumbnail_url" : "https://cdn0.woolworths.media/content/wowproductimages/medium/099291.jpg",
    "was_price" : 27.0
  },
  "W-99633-MasterfoodsTomatoSauce" : {
    "brand" : "masterfoods",
    "category" : "Pantry",
    "crawl_time" : 1.513115567435031E9,
    "end_promotion_date" : "12-12-2017",
    "id" : "W-99633-MasterfoodsTomatoSauce",
    "is_available" : true,
    "is_on_special" : true,
    "is_valid" : true,
    "key" : "13-12-2017/lists/all/W-99633-MasterfoodsTomatoSauce",
    "key_in_category_list" : "13-12-2017/lists/pantry/W-99633-MasterfoodsTomatoSauce",
    "likes" : 3,
    "name" : "Masterfoods Tomato Sauce ",
    "package_price" : "$0.29 / 100ML",
    "package_size" : "500ml",
    "price" : 1.47,
    "source" : "Woolies",
    "source_short" : "W",
    "stock_code" : "99633",
    "thumbnail_url" : "https://cdn0.woolworths.media/content/wowproductimages/medium/099633.jpg",
    "was_price" : 2.95
  },
  "W-99696-MasterfoodsBarbecueSauce" : {
    "brand" : "masterfoods",
    "category" : "Pantry",
    "crawl_time" : 1.5131155043428E9,
    "end_promotion_date" : "12-12-2017",
    "id" : "W-99696-MasterfoodsBarbecueSauce",
    "is_available" : true,
    "is_on_special" : true,
    "is_valid" : true,
    "key" : "13-12-2017/lists/all/W-99696-MasterfoodsBarbecueSauce",
    "key_in_category_list" : "13-12-2017/lists/pantry/W-99696-MasterfoodsBarbecueSauce",
    "likes" : 5,
    "name" : "Masterfoods Barbecue Sauce ",
    "package_price" : "$0.29 / 100ML",
    "package_size" : "500ml",
    "price" : 1.47,
    "source" : "Woolies",
    "source_short" : "W",
    "stock_code" : "99696",
    "thumbnail_url" : "https://cdn0.woolworths.media/content/wowproductimages/medium/099696.jpg",
    "was_price" : 2.95
  }
}
